 RH03439AFFB0130815RHAFFB0150813164123                                                                                  
 610000001                  93001      BCP1EUR01 00X0343901600000000001949EUR130815C000140578786,19IT83                 
 640000001EUR130815C000140578786,19C000140578786,19                                                                     
 EF03439AFFB0130815RHAFFB0150813164123       0000001                              0000004                               
 RH03439AFGFJ130815RHAFGFJ150813164123                                                                                  
 610000001                  93001      BATYEUR01 00F0343901600000000009334EUR130815C006167477786,64IT48                 
 640000001EUR130815C006167477786,64C006167477786,64                                                                     
 610000002                  93001      BATYHKD01 00G0343901600000000009335HKD130815C000010011094,11IT25                 
 640000002HKD130815C000010011094,11C000010011094,11                                                                     
 610000003                  93001      BATYUSD03 00J0343901600000000009338USD130815D001928319746,03IT53                 
 620000003001120815130815D000000000700,00ZLTN                15HHKBBBBMM                                                
 630000003001CLEAN CASH DISBURSEMENTRIF: 15081200082 RIF. CLI: 95224105010927GTBAN BEN:               999999999999      
 630000003001                  BEN: 999999999999                       /BNF/VENDITA SPOT DIVISE                         
 640000003USD130815D001928320446,03D001928320446,03                                                                     
 650000003140815D001928320446,03170815D001928320446,03180815D001928320446,03190815D001928320446,03200815D001928320446,03
 EF03439AFGFJ130815RHAFGFJ150813164123       0000003                              0000012                               
 RH03439AL1K9130815RHAL1K9150813164123                                                                                  
 610000001                  93001      PRRFEUR01 00G0343901600000000009916EUR130815C000006170968,88IT52                 
 640000001EUR130815C000006170968,88C000006170968,88                                                                     
 610000002                  93001      PRRGEUR01 00I0343901600000000009918EUR130815C000013340777,34IT06                 
 640000002EUR130815C000013340777,34C000013340777,34                                                                     
 610000003                  93001      PRRHEUR01 00F0343901600000000009920EUR130815C000009990846,21IT37                 
 640000003EUR130815C000009990846,21C000009990846,21                                                                     
 610000004                  93001      PRRIEUR01 00H0343901600000000009922EUR130815C000014757271,23IT88                 
 640000004EUR130815C000014757271,23C000014757271,23                                                                     
 610000005                  93001      PRRJEUR01 00J0343901600000000009924EUR130815C000007840433,76IT42                 
 640000005EUR130815C000007840433,76C000007840433,76                                                                     
 610000006                  93001      PRRMEUR01 00E0343901600000000010115EUR130815C000000222861,52IT06                 
 640000006EUR130815C000000222861,52C000000222861,52                                                                     
 610000007                  93001      PRRNEUR01 00N0343901600000000010046EUR130815C000000539279,43IT62                 
 640000007EUR130815C000000539279,43C000000539279,43                                                                     
 610000008                  93001      PRRUEUR01 00P0343901600000000010048EUR130815C000009719960,23IT16                 
 640000008EUR130815C000009719960,23C000009719960,23                                                                     
 610000009                  93001      PRRVEUR01 00L0343901600000000010050EUR130815C000009946515,15IT43                 
 640000009EUR130815C000009946515,15C000009946515,15                                                                     
 610000010                  93001      PRRWEUR01 00O0343901600000000010053EUR130815C000010476142,59IT71                 
 640000010EUR130815C000010476142,59C000010476142,59                                                                     
 610000011                  93001      PRRZEUR01 00S0343901600000000010057EUR130815C000011547336,13IT76                 
 640000011EUR130815C000011547336,13C000011547336,13                                                                     
 610000012                  93001      V1RVEUR01 00G0343901600000000010117EUR130815C000008145474,28IT57                 
 640000012EUR130815C000008145474,28C000008145474,28                                                                     
 610000013                  93001   PRRFEURGST01 00H0343901600000000009917EUR130815C000000000000,00IT29                 
 640000013EUR130815C000000000000,00C000000000000,00                                                                     
 610000014                  93001   PRRGEURGST01 00J0343901600000000009919EUR130815C000000000000,00IT80                 
 640000014EUR130815C000000000000,00C000000000000,00                                                                     
 610000015                  93001   PRRHEURGST01 00G0343901600000000009921EUR130815C000000000000,00IT14                 
 640000015EUR130815C000000000000,00C000000000000,00                                                                     
 610000016                  93001   PRRIEURGST01 00I0343901600000000009923EUR130815C000000000000,00IT65                 
 640000016EUR130815C000000000000,00C000000000000,00                                                                     
 610000017                  93001   PRRJEURGST01 00K0343901600000000009925EUR130815C000000000000,00IT19                 
 640000017EUR130815C000000000000,00C000000000000,00                                                                     
 610000018                  93001   PRRMEURGST01 00F0343901600000000010116EUR130815C000000000000,00IT80                 
 640000018EUR130815C000000000000,00C000000000000,00                                                                     
 610000019                  93001   PRRNEURGST01 00O0343901600000000010047EUR130815C000000000000,00IT39                 
 640000019EUR130815C000000000000,00C000000000000,00                                                                     
 610000020                  93001   PRRUEURGST01 00Q0343901600000000010049EUR130815C000000000000,00IT90                 
 640000020EUR130815C000000000000,00C000000000000,00                                                                     
 610000021                  93001   PRRVEURGST01 00N0343901600000000010052EUR130815C000000000000,00IT94                 
 640000021EUR130815C000000000000,00C000000000000,00                                                                     
 610000022                  93001   PRRWEURGST01 00P0343901600000000010054EUR130815C000000000000,00IT48                 
 640000022EUR130815C000000000000,00C000000000000,00                                                                     
 610000023                  93001   PRRZEURAF101 00T0343901600000000010058EUR130815C000000000000,00IT53                 
 640000023EUR130815C000000000000,00C000000000000,00                                                                     
 610000024                  93001   PRRZEURAF201 00U0343901600000000010059EUR130815C000000000000,00IT30                 
 640000024EUR130815C000000000000,00C000000000000,00                                                                     
 610000025                  93001   PRRZEURAF301 00N0343901600000000010060EUR130815C000000000000,00IT72                 
 640000025EUR130815C000000000000,00C000000000000,00                                                                     
 610000026                  93001   PRRZEURAF401 00O0343901600000000010061EUR130815C000000000000,00IT49                 
 640000026EUR130815C000000000000,00C000000000000,00                                                                     
 610000027                  93001   PRRZEURAF501 00P0343901600000000010062EUR130815C000000000000,00IT26                 
 640000027EUR130815C000000000000,00C000000000000,00                                                                     
 610000028                  93001   PRRZEURTR101 00Q0343901600000000010063EUR130815C000000000000,00IT03                 
 640000028EUR130815C000000000000,00C000000000000,00                                                                     
 610000029                  93001   PRRZEURTR201 00R0343901600000000010064EUR130815C000000000000,00IT77                 
 640000029EUR130815C000000000000,00C000000000000,00                                                                     
 610000030                  93001   PRRZEURTR301 00S0343901600000000010065EUR130815C000000000000,00IT54                 
 640000030EUR130815C000000000000,00C000000000000,00                                                                     
 610000031                  93001   PRRZEURTR401 00T0343901600000000010066EUR130815C000000000000,00IT31                 
 640000031EUR130815C000000000000,00C000000000000,00                                                                     
 610000032                  93001   PRRZEURTR501 00U0343901600000000010067EUR130815C000000000000,00IT08                 
 640000032EUR130815C000000000000,00C000000000000,00                                                                     
 610000033                  93001   PRRZEURTR601 00V0343901600000000010068EUR130815C000000000000,00IT82                 
 640000033EUR130815C000000000000,00C000000000000,00                                                                     
 610000034                  93001   PRRZEURTR701 00W0343901600000000010069EUR130815C000000000000,00IT59                 
 640000034EUR130815C000000000000,00C000000000000,00                                                                     
 610000035                  93001   V1RVEURGST01 00H0343901600000000010118EUR130815C000000000000,00IT34                 
 640000035EUR130815C000000000000,00C000000000000,00                                                                     
 EF03439AL1K9130815RHAL1K9150813164123       0000035                              0000072                               
 RH03439AMCBW130815RHAMCBW150813164123                                                                                  
 610000001                  93001      AGRACHF01 00D0343901600000000004748CHF130815D000000242934,52IT90                 
 640000001CHF130815D000000242934,52D000000242934,52                                                                     
 610000002                  93001      AGRADKK01 00B0343901600000000004752DKK130815D000001420761,39IT71                 
 640000002DKK130815D000001420761,39D000001420761,39                                                                     
 610000003                  93001      AGRAEUR01 00P0343901600000000001636EUR130815C000362949869,62IT63                 
 640000003EUR130815C000362949869,62C000362949869,62                                                                     
 610000004                  93001      AGRAGBP01 00W0316301696000000001637GBP130815D000271429795,29IT89                 
 640000004GBP130815D000271429795,29D000271429795,29                                                                     
 610000005                  93001      AGRAUSD01 00Y0316301696000000001639USD130815C000190494589,56IT43                 
 640000005USD130815C000190494589,56C000190494589,56                                                                     
 610000006                  93001      AGRBEUR01 00R0316301696000000001640EUR130815C002219574165,96IT85                 
 640000006EUR130815C002219574165,96C002219574165,96                                                                     
 610000007                  93001      AGRBGBP01 00S0316301696000000001641GBP130815C000000367568,38IT62                 
 640000007GBP130815C000000367568,38C000000367568,38                                                                     
 610000008                  93001      AGRBJPY01 00A0343901600000000006608JPY130815C000000816013,30IT07                 
 640000008JPY130815C000000816013,30C000000816013,30                                                                     
 610000009                  93001      AGRBUSD01 00U0316301696000000001643USD130815C000000063795,70IT16                 
 640000009USD130815C000000063795,70C000000063795,70                                                                     
 610000010                  93001      TDGAEUR01 00I0316301696000000002110EUR130815C000008195401,93IT66                 
 620000010001130815130815D000000000002,0074X3                                                                           
 630000010001STAMP DUTY ON CASH ACCOUNTSADD. BOLLO: DailyDATA INVIO E/C: 13-08-15                                       
 640000010EUR130815C000008195399,93C000008195399,93                                                                     
 650000010140815C000008195399,93170815C000008195399,93180815C000008195399,93190815C000008195399,93200815C000008195399,93
 610000011                  93001      TDGAGBP01 00N0316301696000000002115GBP130815C000000005182,79IT48                 
 640000011GBP130815C000000005182,79C000000005182,79                                                                     
 610000012                  93001      TDGAUSD01 00Q0316301696000000002123USD130815C000000000189,68IT38                 
 640000012USD130815C000000000189,68C000000000189,68                                                                     
 EF03439AMCBW130815RHAMCBW150813164123       0000012                              0000029                               
 RH03439AWKMU130815RHAWKMU150813164123                                                                                  
 610000001                  93001      MIA2DKK01 00U0343901600000000007303DKK130815D000000000223,73IT43                 
 640000001DKK130815D000000000223,73D000000000223,73                                                                     
 610000002                  93001      MIA2EUR01 00E0343901600000000001403EUR130815C000019597667,10IT05                 
 640000002EUR130815C000019597667,10C000019597667,10                                                                     
 610000003                  93001      MIA2GBP01 00G0316301696000000001410GBP130815C000020324603,39IT43                 
 640000003GBP130815C000020324603,39C000020324603,39                                                                     
 610000004                  93001      MIA2JPY01 00T0343901600000000007302JPY130815D000000004106,70IT66                 
 640000004JPY130815D000000004106,70D000000004106,70                                                                     
 610000005                  93001      MIA2USD01 00I0316301696000000001412USD130815C000010988945,52IT94                 
 640000005USD130815C000010988945,52C000010988945,52                                                                     
 610000006                  93001   MIA2BRLBR101 00W0343901600000000007305BRL130815D000000000088,29IT94                 
 640000006BRL130815D000000000088,29D000000000088,29                                                                     
 610000007                  93001   MIA2COPCO101 00X0343901600000000007306COP130815D000000075120,18IT71                 
 640000007COP130815D000000075120,18D000000075120,18                                                                     
 610000008                  93001   MIA2KRWKR301 00V0343901600000000007304KRW130815D000000090098,10IT20                 
 640000008KRW130815D000000090098,10D000000090098,10                                                                     
 EF03439AWKMU130815RHAWKMU150813164123       0000008                              0000018                               
 RH03439BCZAV130815RHBCZAV150813164123                                                                                  
 610000001                  93001      BUA5EUR03 00A0343901600000000005337EUR130815C000140589422,83IT83                 
 640000001EUR130815C000140589422,83C000140589422,83                                                                     
 610000002                  93001      BUA5GBP01 00R0316301696000000001731GBP130815D000000000112,72IT53                 
 640000002GBP130815D000000000112,72D000000000112,72                                                                     
 610000003                  93001      BUA5SEK01 00F0343901600000000009915SEK130815C000000000000,00IT75                 
 640000003SEK130815C000000000000,00C000000000000,00                                                                     
 610000004                  93001      BUA5USD01 00X0316301696000000001737USD130815C000000000000,00IT12                 
 640000004USD130815C000000000000,00C000000000000,00                                                                     
 610000005                  93001      BUA6EUR01 00W0316301696000000001744EUR130815C000000000000,00IT13                 
 640000005EUR130815C000000000000,00C000000000000,00                                                                     
 610000006                  93001      BUA6GBP01 00W0316301696000000001750GBP130815C000000000000,00IT45                 
 640000006GBP130815C000000000000,00C000000000000,00                                                                     
 610000007                  93001      BUA6USD01 00C0316301696000000001756USD130815C000000000000,00IT94                 
 640000007USD130815C000000000000,00C000000000000,00                                                                     
 EF03439BCZAV130815RHBCZAV150813164123       0000007                              0000016                               
 RH034390E169130815RH0E169150813164123                                                                                  
 610000001                  93001      BCR1EUR01 00T0343901600000000001648EUR130815C000140073607,90IT46                 
 640000001EUR130815C000140073607,90C000140073607,90                                                                     
 610000002                  93001      BCR1GBP01 00Y0316301696000000001661GBP130815C000000000000,00IT31                 
 640000002GBP130815C000000000000,00C000000000000,00                                                                     
 610000003                  93001      BCR1USD01 00A0316301696000000001655USD130815D000000000813,75IT00                 
 640000003USD130815D000000000813,75D000000000813,75                                                                     
 610000004                  93001      ZILEGBP01 00O0316301696000000001530GBP130815C000000061246,72IT36                 
 640000004GBP130815C000000061246,72C000000061246,72                                                                     
 610000005                  93001      ZILEMXN01 00P0343901600000000004421MXN130815D000000048055,89IT43                 
 640000005MXN130815D000000048055,89D000000048055,89                                                                     
 610000006                  93001      ZILEUSD01 00U0316301696000000001528USD130815C000000075300,85IT17                 
 640000006USD130815C000000075300,85C000000075300,85                                                                     
 EF034390E169130815RH0E169150813164123       0000006                              0000014                               
 RH0343936394130815RH36394150813164123                                                                                  
 610000001                  93001      G1YGEUR01 00G0343901600000000010018EUR130815C000010000798,21IT14                 
 640000001EUR130815C000010000798,21C000010000798,21                                                                     
 610000002                  93001      G2YGEUR01 00F0343901600000000010022EUR130815C000000000000,00IT96                 
 640000002EUR130815C000000000000,00C000000000000,00                                                                     
 610000003                  93001      G3YGEUR01 00J0343901600000000010026EUR130815C000012022820,47IT04                 
 640000003EUR130815C000012022820,47C000012022820,47                                                                     
 610000004                  93001      G4YGCAD01 00C0343901600000000010113CAD130815C000010073117,45IT52                 
 640000004CAD130815C000010073117,45C000010073117,45                                                                     
 610000005                  93001      G4YGDKK01 00G0343901600000000010106DKK130815D000000003117,00IT63                 
 640000005DKK130815D000000003117,00D000000003117,00                                                                     
 610000006                  93001      G4YGEUR01 00K0343901600000000010027EUR130815D000008556367,42IT78                 
 640000006EUR130815D000008556367,42D000008556367,42                                                                     
 610000007                  93001      G4YGNOK01 00I0343901600000000010108NOK130815D000068153585,81IT17                 
 640000007NOK130815D000068153585,81D000068153585,81                                                                     
 610000008                  93001      G4YGPLN01 00H0343901600000000010107PLN130815C000010058490,10IT40                 
 640000008PLN130815C000010058490,10C000010058490,10                                                                     
 610000009                  93001      G4YGSGD01 00J0343901600000000010109SGD130815C000000014000,22IT91                 
 640000009SGD130815C000000014000,22C000000014000,22                                                                     
 610000010                  93001   G1YGEURAF101 00H0343901600000000010019EUR130815C000009998969,50IT88                 
 640000010EUR130815C000009998969,50C000009998969,50                                                                     
 610000011                  93001   G1YGEURAF301 00D0343901600000000010020EUR130815C000009992185,50IT45                 
 620000011001130815130815D000000000001,0074X3                                                                           
 630000011001STAMP DUTY ON CASH ACCOUNTSADD. BOLLO: DailyDATA INVIO E/C: 13-08-15                                       
 640000011EUR130815C000009992184,50C000009992184,50                                                                     
 650000011140815C000009992184,50170815C000009992184,50180815C000009992184,50190815C000009992184,50200815C000009992184,50
 610000012                  93001   G1YGEURTR101 00E0343901600000000010021EUR130815C000010011686,52IT22                 
 640000012EUR130815C000010011686,52C000010011686,52                                                                     
 610000013                  93001   G2YGEURPRP01 00G0343901600000000010023EUR130815C000010178783,78IT73                 
 640000013EUR130815C000010178783,78C000010178783,78                                                                     
 610000014                  93001   G2YGEURTR101 00I0343901600000000010025EUR130815C000010010159,84IT27                 
 640000014EUR130815C000010010159,84C000010010159,84                                                                     
 610000015                  93001   G2YGEURWHT01 00H0343901600000000010024EUR130815C000010505753,74IT50                 
 640000015EUR130815C000010505753,74C000010505753,74                                                                     
 610000016                  93001   G2YGKRWKR301 00A0343901600000000010111KRW130815C000009999389,84IT01                 
 640000016KRW130815C000009999389,84C000009999389,84                                                                     
 610000017                  93001   G4YGKRWKR301 00Z0343901600000000010110KRW130815C000009999084,76IT31                 
 640000017KRW130815C000009999084,76C000009999084,76                                                                     
 EF0343936394130815RH36394150813164123       0000017                              0000039                               
 RH03439613D0130815RH613D0150813164123                                                                                  
 610000001                  93001      BDP3GBP01 00A0316301696000000002460GBP130815C000000153619,50IT90                 
 640000001GBP130815C000000153619,50C000000153619,50                                                                     
 610000002                  93001      BDP3USD01 00B0316301696000000002461USD130815C000000000000,00IT67                 
 640000002USD130815C000000000000,00C000000000000,00                                                                     
 610000003                  93001      GLE1AUD01 00I0343901600000000009808AUD130815C000000000004,00IT66                 
 640000003AUD130815C000000000004,00C000000000004,00                                                                     
 610000004                  93001      GLE1CAD01 00S0343901600000000008200CAD130815C000001004120,21IT66                 
 640000004CAD130815C000001004120,21C000001004120,21                                                                     
 610000005                  93001      GLE1EUR01 00C0343901600000000004357EUR130815C000006663459,51IT70                 
 640000005EUR130815C000006663459,51C000006663459,51                                                                     
 610000006                  93001      GLE1GBP01 00M0316301696000000002202GBP130815D000168155233,30IT23                 
 620000006001120815130815C000000000000,3496TJ                151FHHBBL9T                                                
 630000006001MCREDTRN: 15081300038                                                                                      
 640000006GBP130815D000168155232,96D000168155232,96                                                                     
 650000006140815D000168155232,96170815D000168155232,96180815D000168155232,96190815D000168155232,96200815D000168155232,96
 610000007                  93001      GLE1MXN01 00M0343901600000000004501MXN130815C000010736331,39IT05                 
 640000007MXN130815C000010736331,39C000010736331,39                                                                     
 610000008                  93001      GLE1NOK01 00K0316301696000000003955NOK130815C000078219444,71IT20                 
 640000008NOK130815C000078219444,71C000078219444,71                                                                     
 610000009                  93001      GLE1NZD01 00L0343901600000000004500NZD130815C000009258420,10IT28                 
 640000009NZD130815C000009258420,10C000009258420,10                                                                     
 610000010                  93001      GLE1SEK01 00L0316301696000000003956SEK130815C000129477269,43IT94                 
 640000010SEK130815C000129477269,43C000129477269,43                                                                     
 610000011                  93001      GLE1USD01 00I0316301696000000000312USD130815C007550728209,50IT15                 
 620000011001130815130815D000000050000,003434                testflag                                                   
 630000011001TRANSFER ORDERS(SAME BANK)RIF.INT: 15081300045funding for risk flag test                                   
 640000011USD130815C007550678209,50C007550678209,50                                                                     
 650000011140815C007550678209,50170815C007550678209,50180815C007550678209,50190815C007550678209,50200815C007550678209,50
 610000012                  93001      J144EUR01 00X0343901600000000004352EUR130815D000000003162,78IT95                 
 640000012EUR130815D000000003162,78D000000003162,78                                                                     
 610000013                  93001      MS01EUR01 00Z0343901600000000004354EUR130815C000090730205,21IT49                 
 640000013EUR130815C000090730205,21C000090730205,21                                                                     
 610000014                  93001      MS01GBP01 00K0316301696000000003476GBP130815C000000931666,64IT52                 
 640000014GBP130815C000000931666,64C000000931666,64                                                                     
 610000015                  93001      MS01JPY01 00L0316301696000000003477JPY130815D001200987668,70IT29                 
 640000015JPY130815D001200987668,70D001200987668,70                                                                     
 610000016                  93001      MS01USD01 00J0316301696000000003475USD130815D000033083700,80IT75                 
 640000016USD130815D000033083700,80D000033083700,80                                                                     
 610000017                  93001      MS02EUR01 00A0343901600000000004355EUR130815C000189671697,96IT19                 
 640000017EUR130815C000189671697,96C000189671697,96                                                                     
 610000018                  93001      MS02GBP01 00I0316301696000000003482GBP130815C000001367283,11IT76                 
 640000018GBP130815C000001367283,11C000001367283,11                                                                     
 610000019                  93001      MS02JPY01 00J0316301696000000003483JPY130815D000131108946,70IT53                 
 640000019JPY130815D000131108946,70D000131108946,70                                                                     
 610000020                  93001      MS02USD01 00H0316301696000000003481USD130815D000000153868,23IT02                 
 640000020USD130815D000000153868,23D000000153868,23                                                                     
 610000021                  93001      MS03EUR01 00B0343901600000000004356EUR130815C000292475904,89IT93                 
 640000021EUR130815C000292475904,89C000292475904,89                                                                     
 610000022                  93001      MS03GBP01 00O0316301696000000003488GBP130815C000253012434,31IT35                 
 640000022GBP130815C000253012434,31C000253012434,31                                                                     
 610000023                  93001      MS03JPY01 00P0316301696000000003489JPY130815D001399168666,00IT12                 
 640000023JPY130815D001399168666,00D001399168666,00                                                                     
 610000024                  93001      MS03USD01 00N0316301696000000003487USD130815C000043413000,47IT58                 
 640000024USD130815C000043413000,47C000043413000,47                                                                     
 610000025                  93001   GLE1BHDBH101 00D0343901600000000011203BHD130815C000000000000,00IT17                 
 640000025BHD130815C000000000000,00C000000000000,00                                                                     
 610000026                  93001   GLE1BRLBR101 00L0316301696000000000700BRL130815D000000584076,12IT27                 
 640000026BRL130815D000000584076,12D000000584076,12                                                                     
 610000027                  93001   GLE1TNDTN101 00E0343901600000000011204TND130815C000000000000,00IT91                 
 640000027TND130815C000000000000,00C000000000000,00                                                                     
 610000028                  93001   MS01KRWKR301 00M0316301696000000003478KRW130815C000298879543,47IT06                 
 640000028KRW130815C000298879543,47C000298879543,47                                                                     
 610000029                  93001   MS02KRWKR301 00K0316301696000000003484KRW130815C000010779963,90IT30                 
 640000029KRW130815C000010779963,90C000010779963,90                                                                     
 610000030                  93001   MS03KRWKR301 00J0316301696000000003491KRW130815C000000000000,00IT31                 
 640000030KRW130815C000000000000,00C000000000000,00                                                                     
 EF03439613D0130815RH613D0150813164123       0000030                              0000068                               
 RH03439613D5130815RH613D5150813164123                                                                                  
 610000001                  93001      GLE5EUR01 00O0316301696000000000516EUR130815C000000681757,10IT60                 
 620000001001010715130815D000000000300,005050                15GAKBBBBRCFTD                                             
 630000001001GENERIC PAYMENTSMTRN: 15070100208IT60O0316301696000000000516        IT60O0316301696000000000516            
 620000001002010715130815D000000000260,005050                15GAKBBBBM0FTD                                             
 630000001002GENERIC PAYMENTSMTRN: 15070100206IT60O0316301696000000000516        IT60O0316301696000000000516            
 620000001003260615130815C000000005000,004838                150626043231GT                                             
 630000001003INBOUND SEPA CREDIT TRF   EtE:NOTPROVIDEDTRN: 15062600054BAN ORD: DEUTDEFFXXX DEUTSCHE BANK AG             
 630000001003       ORD: DI NARDO                                                                                       
 620000001004010715130815C000000000260,005050                15GAKBBBBM0FTD                                             
 630000001004GENERIC PAYMENTSMTRN: 15070100206IT60O0316301696000000000516        IT60O0316301696000000000516            
 620000001005010715130815C000000000300,005050                15GAKBBBBRCFTD                                             
 630000001005GENERIC PAYMENTSMTRN: 15070100208IT60O0316301696000000000516        IT60O0316301696000000000516            
 620000001006250615130815C000000005000,004838                150625060537GT                                             
 630000001006INBOUND SEPA CREDIT TRF   EtE:NOTPROVIDEDTRN: 15062500056BAN ORD: DEUTDEFFXXX DEUTSCHE BANK AG             
 630000001006       ORD: DI NARDO                                                                                       
 640000001EUR130815C000000691757,10C000000691757,10                                                                     
 650000001140815C000000691757,10170815C000000691757,10180815C000000691757,10190815C000000691757,10200815C000000691757,10
 610000002                  93001      GLE5GBP01 00P0316301696000000000517GBP130815D000000008947,47IT37                 
 640000002GBP130815D000000008947,47D000000008947,47                                                                     
 610000003                  93001      GLE5JPY01 00Q0316301696000000000518JPY130815D000013724364,72IT14                 
 640000003JPY130815D000013724364,72D000013724364,72                                                                     
 610000004                  93001      GLE5USD01 00R0316301696000000000519USD130815C000000049995,98IT88                 
 640000004USD130815C000000049995,98C000000049995,98                                                                     
 EF03439613D5130815RH613D5150813164123       0000004                              0000025                               
 RH03439613EE130815RH613EE150813164123                                                                                  
 610000001                  93001      GLE2AUD01 00Z0316301696000000002809AUD130815C000013653473,11IT79                 
 640000001AUD130815C000013653473,11C000013653473,11                                                                     
 610000002                  93001      GLE2CAD01 00S0343901600000000004408CAD130815C000000453433,79IT18                 
 640000002CAD130815C000000453433,79C000000453433,79                                                                     
 610000003                  93001      GLE2CHF01 00Y0343901600000000007430CHF130815C000000697063,79IT25                 
 640000003CHF130815C000000697063,79C000000697063,79                                                                     
 610000004                  93001      GLE2EUR01 00D0343901600000000004358EUR130815C000792979591,21IT47                 
 620000004001130815130815D000000000115,004838                HASWIFT081301                                              
 630000004001INBOUND SEPA CREDIT TRF   EtE:TRN: 15081300067BAN ORD:                                                   OR
 630000004001D: SECURITY SQA EF3                   CCCCCCCCCCCCCCCCCCCCCCCCCCCCCCCCCCCCCCCCCCCCCCCCCCCCCCCCCCCCCCCCCCCCC
 630000004001C                                                                                                          
 620000004002130815130815D000000000010,00ZL02                1308151441                                                 
 630000004002SWIFT CREDIT TRANSFER OUTTRN: 15081300057 RIF. ORIG.:                 BAN BEN: UNCRITMMXXX   UNICREDIT S.P.
 630000004002A.                    BEN: Mario Rossi                        prova inserimento MT103 da IBS               
 620000004003130815130815D000000050000,003434                testflag1                                                  
 630000004003TRANSFER ORDERS(SAME BANK)RIF.INT: 15081300047funding for risk test flag                                   
 640000004EUR130815C000792929466,21C000792929466,21                                                                     
 650000004140815C000792929466,21170815C000792929466,21180815C000792929466,21190815C000792929466,21200815C000792929466,21
 610000005                  93001      GLE2GBP01 00S0316301696000000000509GBP130815C000002122598,86IT71                 
 640000005GBP130815C000002122598,86C000002122598,86                                                                     
 610000006                  93001      GLE2JPY01 00I0316301696000000000510JPY130815D043942204291,59IT04                 
 640000006JPY130815D043942204291,59D043942204291,59                                                                     
 610000007                  93001      GLE2MXN01 00O0343901600000000004503MXN130815D000010920735,73IT56                 
 640000007MXN130815D000010920735,73D000010920735,73                                                                     
 610000008                  93001      GLE2NZD01 00N0343901600000000004502NZD130815D000000000031,88IT79                 
 640000008NZD130815D000000000031,88D000000000031,88                                                                     
 610000009                  93001      GLE2USD01 00R0316301696000000000508USD130815C000000281557,45IT94                 
 640000009USD130815C000000281557,45C000000281557,45                                                                     
 610000010                  93001      ZLIAGBP01 00L0316301696000000001503GBP130815C000015844668,21IT74                 
 640000010GBP130815C000015844668,21C000015844668,21                                                                     
 610000011                  93001      ZLIAJPY01 00M0316301696000000001504JPY130815C002440586938,28IT51                 
 640000011JPY130815C002440586938,28C002440586938,28                                                                     
 610000012                  93001      ZLIAUSD01 00N0316301696000000001505USD130815C000000541139,61IT28                 
 640000012USD130815C000000541139,61C000000541139,61                                                                     
 610000013                  93001      ZLIEEUR01 00M0316301696000000001515EUR130815C000008005982,53IT45                 
 640000013EUR130815C000008005982,53C000008005982,59                                                                     
 610000014                  93001      ZLIEGBP01 00O0316301696000000001517GBP130815C000000770762,90IT96                 
 640000014GBP130815C000000770762,90C000000770762,90                                                                     
 610000015                  93001      ZLIEUSD01 00N0316301696000000001516USD130815C000000780973,85IT22                 
 640000015USD130815C000000780973,85C000000780973,85                                                                     
 610000016                  93001   GLE2BRLBR101 00E0316301696000000000110BRL130815C000000802749,66IT21                 
 640000016BRL130815C000000802749,66C000000802749,66                                                                     
 610000017                  93001   GLE2RUBRU401 00U0343901600000000006602RUB130815D000000001446,12IT55                 
 640000017RUB130815D000000001446,12D000000001446,12                                                                     
 EF03439613EE130815RH613EE150813164123       0000017                              0000046                               
 RH03439613EF130815RH613EF150813164123                                                                                  
 610000001                  93001      GLE4CAD01 00X0343901600000000004940CAD130815C000000112883,63IT30                 
 640000001CAD130815C000000112883,63C000000112883,63                                                                     
 610000002                  93001      GLE4EUR01 00N0316301696000000000515EUR130815C000000000750,00IT83                 
 620000002001130815130815C000000050000,003434                testflag1                                                  
 630000002001TRANSFER ORDERS(SAME BANK)RIF.INT: 15081300048funding for risk test flag                                   
 640000002EUR130815C000000050750,00C000000050750,00                                                                     
 650000002140815C000000050750,00170815C000000050750,00180815C000000050750,00190815C000000050750,00200815C000000050750,00
 610000003                  93001      GLE4GBP01 00L0316301696000000000513GBP130815C000000000076,54IT32                 
 640000003GBP130815C000000000076,54C000000000076,54                                                                     
 610000004                  93001      GLE4JPY01 00M0316301696000000000514JPY130815D000000003098,70IT09                 
 640000004JPY130815D000000003098,70D000000003098,70                                                                     
 610000005                  93001      GLE4USD01 00K0316301696000000000512USD130815C000000000000,00IT55                 
 620000005001130815130815C000000050000,003434                testflag                                                   
 630000005001TRANSFER ORDERS(SAME BANK)RIF.INT: 15081300046funding for risk test flag                                   
 640000005USD130815C000000050000,00C000000050000,00                                                                     
 650000005140815C000000050000,00170815C000000050000,00180815C000000050000,00190815C000000050000,00200815C000000050000,00
 610000006                  93001   GLE1KRWKR303 00O0343901600000000004404KRW130815C000250554305,32IT13                 
 640000006KRW130815C000250554305,32C000250554305,32                                                                     
 EF03439613EF130815RH613EF150813164123       0000006                              0000020                               
 RH0343970570130815RH70570150813164123                                                                                  
 610000001                  93001      BDP1EUR01 00E0343901600000000001700EUR130815C000050583498,06IT37                 
 620000001001130815130815D000000000020,001980                13152752921053GT                                           
 630000001001TAXATION F23/F24/I24N. RIF.: B0343901600150813                                                             
 640000001EUR130815C000050583478,06C000050583478,06                                                                     
 650000001140815C000050583478,06170815C000050583478,06180815C000050583478,06190815C000050583478,06200815C000050583478,06
 610000002                  93001      BDP1GBP01 00G0316301696000000002458GBP130815D000004915645,71IT71                 
 640000002GBP130815D000004915645,71D000004915645,71                                                                     
 610000003                  93001      BDP1USD01 00H0316301696000000002459USD130815C000002012379,83IT48                 
 640000003USD130815C000002012379,83C000002012379,83                                                                     
 610000004                  93001      GL00CHF01 00J0343901600000000004966CHF130815C000004991602,49IT48                 
 640000004CHF130815C000004991602,49C000004991602,49                                                                     
 610000005                  93001      GL00EUR01 00P0343901600000000004603EUR130815C000004760537,30IT76                 
 640000005EUR130815C000004760537,30C000004760537,30                                                                     
 610000006                  93001      GL00GBP01 00R0343901600000000004605GBP130815C000005010830,24IT30                 
 640000006GBP130815C000005010830,24C000005010830,24                                                                     
 610000007                  93001      GL00JPY01 00S0343901600000000004606JPY130815C000004997511,28IT07                 
 640000007JPY130815C000004997511,28C000004997511,28                                                                     
 610000008                  93001      GL00NOK01 00C0343901600000000004654NOK130815C000006557966,39IT05                 
 640000008NOK130815C000006557966,39C000006557966,39                                                                     
 610000009                  93001      GL00USD01 00Q0343901600000000004604USD130815C000005026554,46IT53                 
 640000009USD130815C000005026554,46C000005026554,46                                                                     
 610000010                  93001      GL01CHF01 00K0343901600000000004967CHF130815C000004991578,37IT25                 
 640000010CHF130815C000004991578,37C000004991578,37                                                                     
 610000011                  93001      GL01EUR01 00U0343901600000000004608EUR130815C000154144520,98IT58                 
 620000011001130815130815D000000000001,0074X3                                                                           
 630000011001STAMP DUTY ON CASH ACCOUNTSADD. BOLLO: DailyDATA INVIO E/C: 13-08-15                                       
 640000011EUR130815C000154144519,98C000154144519,98                                                                     
 650000011140815C000154144519,98170815C000154144519,98180815C000154144519,98190815C000154144519,98200815C000154144519,98
 610000012                  93001      GL01GBP01 00L0343901600000000004610GBP130815C000004609480,99IT65                 
 640000012GBP130815C000004609480,99C000004609480,99                                                                     
 610000013                  93001      GL01JPY01 00M0343901600000000004611JPY130815C000004993403,58IT42                 
 640000013JPY130815C000004993403,58C000004993403,58                                                                     
 610000014                  93001      GL01NOK01 00L0343901600000000004968NOK130815C000005051473,13IT02                 
 640000014NOK130815C000005051473,13C000005051473,13                                                                     
 610000015                  93001      GL01PLN01 00P0343901600000000004812PLN130815C000007138647,76IT59                 
 640000015PLN130815C000007138647,76C000007138647,76                                                                     
 610000016                  93001      GL01USD01 00V0343901600000000004609USD130815C000010364894,34IT35                 
 640000016USD130815C000010364894,34C000010364894,34                                                                     
 610000017                  93001      GL02CHF01 00M0343901600000000004969CHF130815C000004991602,49IT76                 
 640000017CHF130815C000004991602,49C000004991602,49                                                                     
 610000018                  93001      GL02EUR01 00O0343901600000000004613EUR130815C000004886125,02IT93                 
 640000018EUR130815C000004886125,02C000004886125,02                                                                     
 610000019                  93001      GL02GBP01 00Q0343901600000000004615GBP130815C000005010893,08IT47                 
 640000019GBP130815C000005010893,08C000005010893,08                                                                     
 610000020                  93001      GL02JPY01 00R0343901600000000004616JPY130815C000004997511,28IT24                 
 640000020JPY130815C000004997511,28C000004997511,28                                                                     
 610000021                  93001      GL02NOK01 00F0343901600000000004970NOK130815C000005051718,51IT21                 
 640000021NOK130815C000005051718,51C000005051718,51                                                                     
 610000022                  93001      GL02USD01 00P0343901600000000004614USD130815C000006035018,07IT70                 
 640000022USD130815C000006035018,07C000006035018,07                                                                     
 610000023                  93001      GL03CHF01 00G0343901600000000004971CHF130815C000004992161,45IT95                 
 640000023CHF130815C000004992161,45C000004992161,45                                                                     
 610000024                  93001      GL03EUR01 00T0343901600000000004618EUR130815C000223808193,47IT75                 
 640000024EUR130815C000223808193,47C000223808193,47                                                                     
 610000025                  93001      GL03GBP01 00Q0343901600000000004620GBP130815C000005016323,46IT09                 
 640000025GBP130815C000005016323,46C000005016323,46                                                                     
 610000026                  93001      GL03JPY01 00R0343901600000000004621JPY130815C000004998608,28IT83                 
 640000026JPY130815C000004998608,28C000004998608,28                                                                     
 610000027                  93001      GL03NOK01 00H0343901600000000004972NOK130815C000005068376,64IT72                 
 640000027NOK130815C000005068376,64C000005068376,64                                                                     
 610000028                  93001      GL03USD01 00U0343901600000000004619USD130815C000005037623,95IT52                 
 640000028USD130815C000005037623,95C000005037623,95                                                                     
 610000029                  93001      GL04CHF01 00I0343901600000000004973CHF130815C000004992161,45IT49                 
 640000029CHF130815C000004992161,45C000004992161,45                                                                     
 610000030                  93001      GL04EUR01 00T0343901600000000004623EUR130815C000028434124,14IT37                 
 640000030EUR130815C000028434124,14C000028434124,14                                                                     
 610000031                  93001      GL04GBP01 00V0343901600000000004625GBP130815C000005016323,46IT88                 
 640000031GBP130815C000005016323,46C000005016323,46                                                                     
 610000032                  93001      GL04JPY01 00W0343901600000000004626JPY130815C000004998608,28IT65                 
 640000032JPY130815C000004998608,28C000004998608,28                                                                     
 610000033                  93001      GL04NOK01 00J0343901600000000004974NOK130815C000005068376,64IT26                 
 640000033NOK130815C000005068376,64C000005068376,64                                                                     
 610000034                  93001      GL04USD01 00U0343901600000000004624USD130815C000005037623,95IT14                 
 640000034USD130815C000005037623,95C000005037623,95                                                                     
 610000035                  93001      GL07CHF01 00D0343901600000000004655CHF130815C000005991887,66IT79                 
 640000035CHF130815C000005991887,66C000005991887,66                                                                     
 610000036                  93001      GL07EUR01 00A0343901600000000004638EUR130815C000002580427,48IT41                 
 640000036EUR130815C000002580427,48C000002580427,48                                                                     
 610000037                  93001      GL07GBP01 00U0343901600000000004640GBP130815C000005010869,22IT67                 
 640000037GBP130815C000005010869,22C000005010869,22                                                                     
 610000038                  93001      GL07JPY01 00V0343901600000000004641JPY130815C000004993403,58IT44                 
 640000038JPY130815C000004993403,58C000004993403,58                                                                     
 610000039                  93001      GL07NOK01 00O0343901600000000004979NOK130815C000005051554,92IT08                 
 640000039NOK130815C000005051554,92C000005051554,92                                                                     
 610000040                  93001      GL07USD01 00B0343901600000000004639USD130815C000005027010,69IT18                 
 640000040USD130815C000005027010,69C000005027010,69                                                                     
 610000041                  93001      GL08CHF01 00H0343901600000000004980CHF130815C000004991602,49IT50                 
 640000041CHF130815C000004991602,49C000004991602,49                                                                     
 610000042                  93001      GL08EUR01 00X0343901600000000004643EUR130815C000000000000,00IT95                 
 640000042EUR130815C000000000000,00C000000000000,00                                                                     
 610000043                  93001      GL08GBP01 00Z0343901600000000004645GBP130815C000007683640,60IT49                 
 640000043GBP130815C000007683640,60C000007683640,60                                                                     
 610000044                  93001      GL08JPY01 00A0343901600000000004646JPY130815C000004997511,28IT19                 
 640000044JPY130815C000004997511,28C000004997511,28                                                                     
 610000045                  93001      GL08NOK01 00I0343901600000000004981NOK130815C000005051718,51IT27                 
 640000045NOK130815C000005051718,51C000005051718,51                                                                     
 610000046                  93001      GL08USD01 00Y0343901600000000004644USD130815C000000000000,00IT72                 
 640000046USD130815C000000000000,00C000000000000,00                                                                     
 610000047                  93001      GL09CHF01 00J0343901600000000004982CHF130815C000004991566,32IT04                 
 640000047CHF130815C000004991566,32C000004991566,32                                                                     
 610000048                  93001      GL09EUR01 00C0343901600000000004648EUR130815C000004912248,17IT70                 
 640000048EUR130815C000004912248,17C000004912248,17                                                                     
 610000049                  93001      GL09GBP01 00Y0343901600000000004650GBP130815C000005010869,22IT07                 
 640000049GBP130815C000005010869,22C000005010869,22                                                                     
 610000050                  93001      GL09JPY01 00Z0343901600000000004651JPY130815C000004993403,58IT81                 
 640000050JPY130815C000004993403,58C000004993403,58                                                                     
 610000051                  93001      GL09NOK01 00K0343901600000000004983NOK130815C000005051554,92IT78                 
 640000051NOK130815C000005051554,92C000005051554,92                                                                     
 610000052                  93001      GL09USD01 00D0343901600000000004649USD130815C000005027010,69IT47                 
 640000052USD130815C000005027010,69C000005027010,69                                                                     
 610000053                  93001   GL01KRWKR301 00N0343901600000000004612KRW130815D000001023466,71IT19                 
 640000053KRW130815D000001023466,71D000001023466,71                                                                     
 EF0343970570130815RH70570150813164123       0000053                              0000114                               
 RH034398Y627130815RH8Y627150813164123                                                                                  
 610000001                  93001      BAGLCHF01 00C0343901600000000004753CHF130815D000000100802,80IT48                 
 640000001CHF130815D000000100802,80D000000100802,80                                                                     
 610000002                  93001      BAGLDKK01 00D0343901600000000004754DKK130815D000000154912,80IT25                 
 640000002DKK130815D000000154912,80D000000154912,80                                                                     
 610000003                  93001      BAGLEUR01 00O0343901600000000001627EUR130815C000008142932,81IT11                 
 620000003001130815130815D000000000116,004838                HASWIFT081302                                              
 630000003001INBOUND SEPA CREDIT TRF   EtE:TRN: 15081300068BAN ORD:                                                   OR
 630000003001D: AMUNDI SGR                         ccccccccccccccccccccccccccccccccccccccccccccccccccccccccccccccccccccc
 630000003001c                                                                                                          
 640000003EUR130815C000008142816,81C000008142816,81                                                                     
 650000003140815C000008142816,81170815C000008142816,81180815C000008142816,81190815C000008142816,81200815C000008142816,81
 610000004                  93001      BAGLGBP01 00V0316301696000000001628GBP130815C000000007433,89IT37                 
 640000004GBP130815C000000007433,89C000000007433,89                                                                     
 610000005                  93001      BAGLJPY01 00P0343901600000000006410JPY130815D000000004206,70IT78                 
 640000005JPY130815D000000004206,70D000000004206,70                                                                     
 610000006                  93001      BAGLUSD01 00Q0316301696000000001631USD130815C000001936675,25IT33                 
 640000006USD130815C000001936675,25C000001936675,25                                                                     
 610000007                  93001      BAGMEUR01 00L0343901600000000001632EUR130815C000140648161,43IT58                 
 640000007EUR130815C000140648161,43C000140648161,43                                                                     
 610000008                  93001      BAGMGBP01 00S0316301696000000001633GBP130815D000000000023,87IT84                 
 640000008GBP130815D000000000023,87D000000000023,87                                                                     
 610000009                  93001      BAGMUSD01 00U0316301696000000001635USD130815D000000002067,19IT38                 
 640000009USD130815D000000002067,19D000000002067,19                                                                     
 610000010                  93001   BAGLCNYCN901 00S0343901600000000006600CNY130815D000000000239,89IT04                 
 640000010CNY130815D000000000239,89D000000000239,89                                                                     
 610000011                  93001   BAGLRUBRU401 00T0343901600000000006601RUB130815C000010102119,71IT78                 
 640000011RUB130815C000010102119,71C000010102119,71                                                                     
 EF034398Y627130815RH8Y627150813164123       0000011                              0000029                               
 RH0343984627130815RH84627150813164123                                                                                  
 610000001                  93001      BDP2EUR01 00W0316301696000000002129EUR130815D000000000004,50IT94                 
 640000001EUR130815D000000000004,50D000000000004,50                                                                     
 610000002                  93001      GL05CHF01 00K0343901600000000004975CHF130815C000004991602,49IT03                 
 640000002CHF130815C000004991602,49C000004991602,49                                                                     
 610000003                  93001      GL05EUR01 00Y0343901600000000004628EUR130815C000004564204,57IT19                 
 640000003EUR130815C000004564204,57C000004564204,57                                                                     
 610000004                  93001      GL05GBP01 00S0343901600000000004630GBP130815C000005010893,08IT38                 
 640000004GBP130815C000005010893,08C000005010893,08                                                                     
 610000005                  93001      GL05JPY01 00T0343901600000000004631JPY130815C000004997511,28IT15                 
 640000005JPY130815C000004997511,28C000004997511,28                                                                     
 610000006                  93001      GL05NOK01 00L0343901600000000004976NOK130815C000005051718,51IT77                 
 640000006NOK130815C000005051718,51C000005051718,51                                                                     
 610000007                  93001      GL05USD01 00Z0343901600000000004629USD130815C000001310242,13IT93                 
 640000007USD130815C000001310242,13C000001310242,13                                                                     
 610000008                  93001      GL06CHF01 00M0343901600000000004977CHF130815C000004991602,49IT54                 
 640000008CHF130815C000004991602,49C000004991602,49                                                                     
 610000009                  93001      GL06EUR01 00V0343901600000000004633EUR130815C000003100211,79IT66                 
 640000009EUR130815C000003100211,79C000003100211,79                                                                     
 610000010                  93001      GL06GBP01 00X0343901600000000004635GBP130815C000005010893,08IT20                 
 640000010GBP130815C000005010893,08C000005010893,08                                                                     
 610000011                  93001      GL06JPY01 00Y0343901600000000004636JPY130815C000004997511,28IT94                 
 640000011JPY130815C000004997511,28C000004997511,28                                                                     
 610000012                  93001      GL06NOK01 00N0343901600000000004978NOK130815C000005051718,51IT31                 
 640000012NOK130815C000005051718,51C000005051718,51                                                                     
 610000013                  93001      GL06USD01 00W0343901600000000004634USD130815C000005027049,94IT43                 
 640000013USD130815C000005027049,94C000005027049,94                                                                     
 EF0343984627130815RH84627150813164123       0000013                              0000028                               
