 RH03439AFFB0120815RHAFFB0150812162856                                                                                  
 610000001                  93001      BCP1EUR01 00X0343901600000000001949EUR120815C000140578786,19IT83                 
 640000001EUR120815C000140578786,19C000140578786,19                                                                     
 EF03439AFFB0120815RHAFFB0150812162856       0000001                              0000004                               
 RH03439AFGFJ120815RHAFGFJ150812162856                                                                                  
 610000001                  93001      BATYEUR01 00F0343901600000000009334EUR120815C006167477786,64IT48                 
 640000001EUR120815C006167477786,64C006167477786,64                                                                     
 610000002                  93001      BATYHKD01 00G0343901600000000009335HKD120815C000010011094,11IT25                 
 640000002HKD120815C000010011094,11C000010011094,11                                                                     
 610000003                  93001      BATYUSD03 00J0343901600000000009338USD120815D001928319746,03IT53                 
 640000003USD120815D001928319746,03D001928319746,03                                                                     
 EF03439AFGFJ120815RHAFGFJ150812162856       0000003                              0000008                               
 RH03439AL1K9120815RHAL1K9150812162856                                                                                  
 610000001                  93001      PRRFEUR01 00G0343901600000000009916EUR120815C000006170968,88IT52                 
 640000001EUR120815C000006170968,88C000006170968,88                                                                     
 610000002                  93001      PRRGEUR01 00I0343901600000000009918EUR120815C000013340777,34IT06                 
 640000002EUR120815C000013340777,34C000013340777,34                                                                     
 610000003                  93001      PRRHEUR01 00F0343901600000000009920EUR120815C000009990846,21IT37                 
 640000003EUR120815C000009990846,21C000009990846,21                                                                     
 610000004                  93001      PRRIEUR01 00H0343901600000000009922EUR120815C000014757271,23IT88                 
 640000004EUR120815C000014757271,23C000014757271,23                                                                     
 610000005                  93001      PRRJEUR01 00J0343901600000000009924EUR120815C000007840433,76IT42                 
 640000005EUR120815C000007840433,76C000007840433,76                                                                     
 610000006                  93001      PRRMEUR01 00E0343901600000000010115EUR120815C000000222861,52IT06                 
 640000006EUR120815C000000222861,52C000000222861,52                                                                     
 610000007                  93001      PRRNEUR01 00N0343901600000000010046EUR120815C000000539279,43IT62                 
 640000007EUR120815C000000539279,43C000000539279,43                                                                     
 610000008                  93001      PRRUEUR01 00P0343901600000000010048EUR120815C000009719960,23IT16                 
 640000008EUR120815C000009719960,23C000009719960,23                                                                     
 610000009                  93001      PRRVEUR01 00L0343901600000000010050EUR120815C000009946515,15IT43                 
 640000009EUR120815C000009946515,15C000009946515,15                                                                     
 610000010                  93001      PRRWEUR01 00O0343901600000000010053EUR120815C000010476142,59IT71                 
 640000010EUR120815C000010476142,59C000010476142,59                                                                     
 610000011                  93001      PRRZEUR01 00S0343901600000000010057EUR120815C000011547336,13IT76                 
 640000011EUR120815C000011547336,13C000011547336,13                                                                     
 610000012                  93001      V1RVEUR01 00G0343901600000000010117EUR120815C000008145474,28IT57                 
 640000012EUR120815C000008145474,28C000008145474,28                                                                     
 610000013                  93001   PRRFEURGST01 00H0343901600000000009917EUR120815C000000000000,00IT29                 
 640000013EUR120815C000000000000,00C000000000000,00                                                                     
 610000014                  93001   PRRGEURGST01 00J0343901600000000009919EUR120815C000000000000,00IT80                 
 640000014EUR120815C000000000000,00C000000000000,00                                                                     
 610000015                  93001   PRRHEURGST01 00G0343901600000000009921EUR120815C000000000000,00IT14                 
 640000015EUR120815C000000000000,00C000000000000,00                                                                     
 610000016                  93001   PRRIEURGST01 00I0343901600000000009923EUR120815C000000000000,00IT65                 
 640000016EUR120815C000000000000,00C000000000000,00                                                                     
 610000017                  93001   PRRJEURGST01 00K0343901600000000009925EUR120815C000000000000,00IT19                 
 640000017EUR120815C000000000000,00C000000000000,00                                                                     
 610000018                  93001   PRRMEURGST01 00F0343901600000000010116EUR120815C000000000000,00IT80                 
 640000018EUR120815C000000000000,00C000000000000,00                                                                     
 610000019                  93001   PRRNEURGST01 00O0343901600000000010047EUR120815C000000000000,00IT39                 
 640000019EUR120815C000000000000,00C000000000000,00                                                                     
 610000020                  93001   PRRUEURGST01 00Q0343901600000000010049EUR120815C000000000000,00IT90                 
 640000020EUR120815C000000000000,00C000000000000,00                                                                     
 610000021                  93001   PRRVEURGST01 00N0343901600000000010052EUR120815C000000000000,00IT94                 
 640000021EUR120815C000000000000,00C000000000000,00                                                                     
 610000022                  93001   PRRWEURGST01 00P0343901600000000010054EUR120815C000000000000,00IT48                 
 640000022EUR120815C000000000000,00C000000000000,00                                                                     
 610000023                  93001   PRRZEURAF101 00T0343901600000000010058EUR120815C000000000000,00IT53                 
 640000023EUR120815C000000000000,00C000000000000,00                                                                     
 610000024                  93001   PRRZEURAF201 00U0343901600000000010059EUR120815C000000000000,00IT30                 
 640000024EUR120815C000000000000,00C000000000000,00                                                                     
 610000025                  93001   PRRZEURAF301 00N0343901600000000010060EUR120815C000000000000,00IT72                 
 640000025EUR120815C000000000000,00C000000000000,00                                                                     
 610000026                  93001   PRRZEURAF401 00O0343901600000000010061EUR120815C000000000000,00IT49                 
 640000026EUR120815C000000000000,00C000000000000,00                                                                     
 610000027                  93001   PRRZEURAF501 00P0343901600000000010062EUR120815C000000000000,00IT26                 
 640000027EUR120815C000000000000,00C000000000000,00                                                                     
 610000028                  93001   PRRZEURTR101 00Q0343901600000000010063EUR120815C000000000000,00IT03                 
 640000028EUR120815C000000000000,00C000000000000,00                                                                     
 610000029                  93001   PRRZEURTR201 00R0343901600000000010064EUR120815C000000000000,00IT77                 
 640000029EUR120815C000000000000,00C000000000000,00                                                                     
 610000030                  93001   PRRZEURTR301 00S0343901600000000010065EUR120815C000000000000,00IT54                 
 640000030EUR120815C000000000000,00C000000000000,00                                                                     
 610000031                  93001   PRRZEURTR401 00T0343901600000000010066EUR120815C000000000000,00IT31                 
 640000031EUR120815C000000000000,00C000000000000,00                                                                     
 610000032                  93001   PRRZEURTR501 00U0343901600000000010067EUR120815C000000000000,00IT08                 
 640000032EUR120815C000000000000,00C000000000000,00                                                                     
 610000033                  93001   PRRZEURTR601 00V0343901600000000010068EUR120815C000000000000,00IT82                 
 640000033EUR120815C000000000000,00C000000000000,00                                                                     
 610000034                  93001   PRRZEURTR701 00W0343901600000000010069EUR120815C000000000000,00IT59                 
 640000034EUR120815C000000000000,00C000000000000,00                                                                     
 610000035                  93001   V1RVEURGST01 00H0343901600000000010118EUR120815C000000000000,00IT34                 
 640000035EUR120815C000000000000,00C000000000000,00                                                                     
 EF03439AL1K9120815RHAL1K9150812162856       0000035                              0000072                               
 RH03439AMCBW120815RHAMCBW150812162856                                                                                  
 610000001                  93001      AGRACHF01 00D0343901600000000004748CHF120815D000000242934,52IT90                 
 640000001CHF120815D000000242934,52D000000242934,52                                                                     
 610000002                  93001      AGRADKK01 00B0343901600000000004752DKK120815D000001420761,39IT71                 
 640000002DKK120815D000001420761,39D000001420761,39                                                                     
 610000003                  93001      AGRAEUR01 00P0343901600000000001636EUR120815C000362949869,62IT63                 
 640000003EUR120815C000362949869,62C000362949869,62                                                                     
 610000004                  93001      AGRAGBP01 00W0316301696000000001637GBP120815D000271429795,29IT89                 
 640000004GBP120815D000271429795,29D000271429795,29                                                                     
 610000005                  93001      AGRAUSD01 00Y0316301696000000001639USD120815C000190494589,56IT43                 
 640000005USD120815C000190494589,56C000190494589,56                                                                     
 610000006                  93001      AGRBEUR01 00R0316301696000000001640EUR120815C002219574165,96IT85                 
 640000006EUR120815C002219574165,96C002219574165,96                                                                     
 610000007                  93001      AGRBGBP01 00S0316301696000000001641GBP120815C000000367568,38IT62                 
 640000007GBP120815C000000367568,38C000000367568,38                                                                     
 610000008                  93001      AGRBJPY01 00A0343901600000000006608JPY120815C000000816013,30IT07                 
 640000008JPY120815C000000816013,30C000000816013,30                                                                     
 610000009                  93001      AGRBUSD01 00U0316301696000000001643USD120815C000000063795,70IT16                 
 640000009USD120815C000000063795,70C000000063795,70                                                                     
 610000010                  93001      TDGAEUR01 00I0316301696000000002110EUR120815C000008195403,93IT66                 
 620000010001120815120815D000000000002,0074X3                                                                           
 630000010001STAMP DUTY ON CASH ACCOUNTSADD. BOLLO: DailyDATA INVIO E/C: 12-08 -15                                      
 640000010EUR120815C000008195401,93C000008195401,93                                                                     
 650000010130815C000008195401,93140815C000008195401,93170815C000008195401,93180815C000008195401,93190815C000008195401,93
 610000011                  93001      TDGAGBP01 00N0316301696000000002115GBP120815C000000005182,79IT48                 
 640000011GBP120815C000000005182,79C000000005182,79                                                                     
 610000012                  93001      TDGAUSD01 00Q0316301696000000002123USD120815C000000000189,68IT38                 
 640000012USD120815C000000000189,68C000000000189,68                                                                     
 EF03439AMCBW120815RHAMCBW150812162856       0000012                              0000029                               
 RH03439AWKMU120815RHAWKMU150812162856                                                                                  
 610000001                  93001      MIA2DKK01 00U0343901600000000007303DKK120815D000000000223,73IT43                 
 640000001DKK120815D000000000223,73D000000000223,73                                                                     
 610000002                  93001      MIA2EUR01 00E0343901600000000001403EUR120815C000019598167,10IT05                 
 620000002001120815120815D000000000500,002636                15HGKBBBBLBFTA  NROSUPCBI                                  
 630000002001OUTBOUND SEPA CREDIT TRF  EtE:20150810333600000501TRN:15081100089 BAN BEN: BOFAIT2XXXX   BANK OF AMERICA, N
 630000002001.A.               033800 1600BEN: ARTURO VIDAL                       TESTING OF DEFECT 980 FILE 1          
 640000002EUR120815C000019597667,10C000019597667,10                                                                     
 650000002130815C000019597667,10140815C000019597667,10170815C000019597667,10180815C000019597667,10190815C000019597667,10
 610000003                  93001      MIA2GBP01 00G0316301696000000001410GBP120815C000020324603,39IT43                 
 640000003GBP120815C000020324603,39C000020324603,39                                                                     
 610000004                  93001      MIA2JPY01 00T0343901600000000007302JPY120815D000000004106,70IT66                 
 640000004JPY120815D000000004106,70D000000004106,70                                                                     
 610000005                  93001      MIA2USD01 00I0316301696000000001412USD120815C000010988945,52IT94                 
 640000005USD120815C000010988945,52C000010988945,52                                                                     
 610000006                  93001   MIA2BRLBR101 00W0343901600000000007305BRL120815D000000000088,29IT94                 
 640000006BRL120815D000000000088,29D000000000088,29                                                                     
 610000007                  93001   MIA2COPCO101 00X0343901600000000007306COP120815D000000075120,18IT71                 
 640000007COP120815D000000075120,18D000000075120,18                                                                     
 610000008                  93001   MIA2KRWKR301 00V0343901600000000007304KRW120815D000000090098,10IT20                 
 640000008KRW120815D000000090098,10D000000090098,10                                                                     
 EF03439AWKMU120815RHAWKMU150812162856       0000008                              0000022                               
 RH03439BCZAV120815RHBCZAV150812162856                                                                                  
 610000001                  93001      BUA5EUR03 00A0343901600000000005337EUR120815C000140589422,83IT83                 
 640000001EUR120815C000140589422,83C000140589422,83                                                                     
 610000002                  93001      BUA5GBP01 00R0316301696000000001731GBP120815D000000000112,72IT53                 
 640000002GBP120815D000000000112,72D000000000112,72                                                                     
 610000003                  93001      BUA5SEK01 00F0343901600000000009915SEK120815C000000000000,00IT75                 
 640000003SEK120815C000000000000,00C000000000000,00                                                                     
 610000004                  93001      BUA5USD01 00X0316301696000000001737USD120815C000000000000,00IT12                 
 640000004USD120815C000000000000,00C000000000000,00                                                                     
 610000005                  93001      BUA6EUR01 00W0316301696000000001744EUR120815C000000000000,00IT13                 
 640000005EUR120815C000000000000,00C000000000000,00                                                                     
 610000006                  93001      BUA6GBP01 00W0316301696000000001750GBP120815C000000000000,00IT45                 
 640000006GBP120815C000000000000,00C000000000000,00                                                                     
 610000007                  93001      BUA6USD01 00C0316301696000000001756USD120815C000000000000,00IT94                 
 640000007USD120815C000000000000,00C000000000000,00                                                                     
 EF03439BCZAV120815RHBCZAV150812162856       0000007                              0000016                               
 RH034390E169120815RH0E169150812162856                                                                                  
 610000001                  93001      BCR1EUR01 00T0343901600000000001648EUR120815C000140073607,90IT46                 
 640000001EUR120815C000140073607,90C000140073607,90                                                                     
 610000002                  93001      BCR1GBP01 00Y0316301696000000001661GBP120815C000000000000,00IT31                 
 640000002GBP120815C000000000000,00C000000000000,00                                                                     
 610000003                  93001      BCR1USD01 00A0316301696000000001655USD120815D000000000813,75IT00                 
 640000003USD120815D000000000813,75D000000000813,75                                                                     
 610000004                  93001      ZILEGBP01 00O0316301696000000001530GBP120815C000000061246,72IT36                 
 640000004GBP120815C000000061246,72C000000061246,72                                                                     
 610000005                  93001      ZILEMXN01 00P0343901600000000004421MXN120815D000000048055,89IT43                 
 640000005MXN120815D000000048055,89D000000048055,89                                                                     
 610000006                  93001      ZILEUSD01 00U0316301696000000001528USD120815C000000075300,85IT17                 
 640000006USD120815C000000075300,85C000000075300,85                                                                     
 EF034390E169120815RH0E169150812162856       0000006                              0000014                               
 RH0343936394120815RH36394150812162856                                                                                  
 610000001                  93001      G1YGEUR01 00G0343901600000000010018EUR120815C000010000798,21IT14                 
 640000001EUR120815C000010000798,21C000010000798,21                                                                     
 610000002                  93001      G2YGEUR01 00F0343901600000000010022EUR120815C000000000000,00IT96                 
 640000002EUR120815C000000000000,00C000000000000,00                                                                     
 610000003                  93001      G3YGEUR01 00J0343901600000000010026EUR120815C000012022820,47IT04                 
 640000003EUR120815C000012022820,47C000012022820,47                                                                     
 610000004                  93001      G4YGCAD01 00C0343901600000000010113CAD120815C000010073117,45IT52                 
 640000004CAD120815C000010073117,45C000010073117,45                                                                     
 610000005                  93001      G4YGDKK01 00G0343901600000000010106DKK120815D000000003117,00IT63                 
 640000005DKK120815D000000003117,00D000000003117,00                                                                     
 610000006                  93001      G4YGEUR01 00K0343901600000000010027EUR120815D000008556367,42IT78                 
 640000006EUR120815D000008556367,42D000008556367,42                                                                     
 610000007                  93001      G4YGNOK01 00I0343901600000000010108NOK120815D000068153585,81IT17                 
 640000007NOK120815D000068153585,81D000068153585,81                                                                     
 610000008                  93001      G4YGPLN01 00H0343901600000000010107PLN120815C000010058490,10IT40                 
 640000008PLN120815C000010058490,10C000010058490,10                                                                     
 610000009                  93001      G4YGSGD01 00J0343901600000000010109SGD120815C000000014000,22IT91                 
 640000009SGD120815C000000014000,22C000000014000,22                                                                     
 610000010                  93001   G1YGEURAF101 00H0343901600000000010019EUR120815C000009998969,50IT88                 
 640000010EUR120815C000009998969,50C000009998969,50                                                                     
 610000011                  93001   G1YGEURAF301 00D0343901600000000010020EUR120815C000009992186,50IT45                 
 620000011001120815120815D000000000001,0074X3                                                                           
 630000011001STAMP DUTY ON CASH ACCOUNTSADD. BOLLO: DailyDATA INVIO E/C: 12-08 -15                                      
 640000011EUR120815C000009992185,50C000009992185,50                                                                     
 650000011130815C000009992185,50140815C000009992185,50170815C000009992185,50180815C000009992185,50190815C000009992185,50
 610000012                  93001   G1YGEURTR101 00E0343901600000000010021EUR120815C000010011686,52IT22                 
 640000012EUR120815C000010011686,52C000010011686,52                                                                     
 610000013                  93001   G2YGEURPRP01 00G0343901600000000010023EUR120815C000010178783,78IT73                 
 640000013EUR120815C000010178783,78C000010178783,78                                                                     
 610000014                  93001   G2YGEURTR101 00I0343901600000000010025EUR120815C000010010159,84IT27                 
 640000014EUR120815C000010010159,84C000010010159,84                                                                     
 610000015                  93001   G2YGEURWHT01 00H0343901600000000010024EUR120815C000010505753,74IT50                 
 640000015EUR120815C000010505753,74C000010505753,74                                                                     
 610000016                  93001   G2YGKRWKR301 00A0343901600000000010111KRW120815C000009999389,84IT01                 
 640000016KRW120815C000009999389,84C000009999389,84                                                                     
 610000017                  93001   G4YGKRWKR301 00Z0343901600000000010110KRW120815C000009999084,76IT31                 
 640000017KRW120815C000009999084,76C000009999084,76                                                                     
 EF0343936394120815RH36394150812162856       0000017                              0000039                               
 RH03439613D0120815RH613D0150812162856                                                                                  
 610000001                  93001      BDP3GBP01 00A0316301696000000002460GBP120815C000000153619,50IT90                 
 640000001GBP120815C000000153619,50C000000153619,50                                                                     
 610000002                  93001      BDP3USD01 00B0316301696000000002461USD120815C000000000000,00IT67                 
 640000002USD120815C000000000000,00C000000000000,00                                                                     
 610000003                  93001      GLE1AUD01 00I0343901600000000009808AUD120815C000000000004,00IT66                 
 640000003AUD120815C000000000004,00C000000000004,00                                                                     
 610000004                  93001      GLE1CAD01 00S0343901600000000008200CAD120815C000001004120,21IT66                 
 640000004CAD120815C000001004120,21C000001004120,21                                                                     
 610000005                  93001      GLE1EUR01 00C0343901600000000004357EUR120815C000008886485,51IT70                 
 620000005001110815120815D000000000010,0085DE                15QBHGBCKH5                                                
 630000005001CORPORATE ACTION RECEIVABLESREF:  ISIN: DES: DEPOSITO TITOLI:  DE S CORP ACT: DIVISA:  QUANTIT`:  CAMBIO:  
 630000005001                                                                                                           
 620000005002120815120815D000002210560,002636                15HHKBBBBMLFTA                                             
 630000005002OUTBOUND SEPA CREDIT TRF  EtE:NOTPROVIDEDTRN:15081200078BAN BEN: BPDMIT3BXXX   BANCA POPOLARE DI PUGLIA E B
 630000005002ASILICA 0538578980BEN: NOTARNICOLA ANTONIO                IMPORTO RISCATTO FONDO TEMPLET ON - DATA NAV 2014
 6300000050020217                                                                                                       
 620000005003100815120815C000000021221,00ZHCB                15QSHHBBJMH                                                
 630000005003ASD SELLRIF:  RIF. CLI: ISIN: DES: DEPOSITO TITOLI:  TRADE DATE: QUANTIT`:                                 
 620000005004110815120815C000000000010,0085DE                15QBHGBCKH5                                                
 630000005004CORPORATE ACTION RECEIVABLESREF:  ISIN: DES: DEPOSITO TITOLI:  DE S CORP ACT: DIVISA:  QUANTIT`:  CAMBIO:  
 630000005004                                                                                                           
 620000005005120815120815D000000002230,002636                15HHKBBBBMGFTA                                             
 630000005005OUTBOUND SEPA CREDIT TRF  EtE:NOTPROVIDEDTRN:15081200081BAN BEN: SBOSITMMXXX   STATE STREET BANK S.P.A.    
 630000005005        0316301696BEN: FRANKLIN TEMPLETON                 RITENUTA                                         
 620000005006120815120815D000000000001,0074X3                                                                           
 630000005006STAMP DUTY ON CASH ACCOUNTSADD. BOLLO: Daily on MovementDATA INVI O E/C: 12-08-15                          
 620000005007120815120815D000000000010,0083CA                15QBHHBBB83                                                
 630000005007ASD BUYRIF:  RIF. CLI: ISIN: DES: DEPOSITO TITOLI:  TRADE DATE: Q UANTIT`:                                 
 620000005008100815120815D000000031446,0083CA                15QBHHBBJMC                                                
 630000005008ASD BUYRIF:  RIF. CLI: ISIN: DES: DEPOSITO TITOLI:  TRADE DATE: Q UANTIT`:                                 
 640000005EUR120815C000006663459,51C000006663459,51                                                                     
 650000005130815C000006663459,51140815C000006663459,51170815C000006663459,51180815C000006663459,51190815C000006663459,51
 610000006                  93001      GLE1GBP01 00M0316301696000000002202GBP120815D000168155233,30IT23                 
 640000006GBP120815D000168155233,30D000168155233,30                                                                     
 610000007                  93001      GLE1MXN01 00M0343901600000000004501MXN120815C000010736331,39IT05                 
 640000007MXN120815C000010736331,39C000010736331,39                                                                     
 610000008                  93001      GLE1NOK01 00K0316301696000000003955NOK120815C000078219444,71IT20                 
 640000008NOK120815C000078219444,71C000078219444,71                                                                     
 610000009                  93001      GLE1NZD01 00L0343901600000000004500NZD120815C000009258420,10IT28                 
 640000009NZD120815C000009258420,10C000009258420,10                                                                     
 610000010                  93001      GLE1SEK01 00L0316301696000000003956SEK120815C000129477269,43IT94                 
 640000010SEK120815C000129477269,43C000129477269,43                                                                     
 610000011                  93001      GLE1USD01 00I0316301696000000000312USD120815C007553715883,10IT15                 
 620000011001120815120815D000002987673,603434                gle4usd                                                    
 630000011001TRANSFER ORDERS(SAME BANK)RIF.INT: 15081200049giroconto per manca nza fondi                                
 640000011USD120815C007550728209,50C007550728209,50                                                                     
 650000011130815C007550728209,50140815C007550728209,50170815C007550728209,50180815C007550728209,50190815C007550728209,50
 610000012                  93001      J144EUR01 00X0343901600000000004352EUR120815D000000003162,78IT95                 
 640000012EUR120815D000000003162,78D000000003162,78                                                                     
 610000013                  93001      MS01EUR01 00Z0343901600000000004354EUR120815C000090730205,21IT49                 
 640000013EUR120815C000090730205,21C000090730205,21                                                                     
 610000014                  93001      MS01GBP01 00K0316301696000000003476GBP120815C000000931666,64IT52                 
 640000014GBP120815C000000931666,64C000000931666,64                                                                     
 610000015                  93001      MS01JPY01 00L0316301696000000003477JPY120815D001200987668,70IT29                 
 640000015JPY120815D001200987668,70D001200987668,70                                                                     
 610000016                  93001      MS01USD01 00J0316301696000000003475USD120815D000033083700,80IT75                 
 640000016USD120815D000033083700,80D000033083700,80                                                                     
 610000017                  93001      MS02EUR01 00A0343901600000000004355EUR120815C000189671697,96IT19                 
 640000017EUR120815C000189671697,96C000189671697,96                                                                     
 610000018                  93001      MS02GBP01 00I0316301696000000003482GBP120815C000001367283,11IT76                 
 640000018GBP120815C000001367283,11C000001367283,11                                                                     
 610000019                  93001      MS02JPY01 00J0316301696000000003483JPY120815D000131108946,70IT53                 
 640000019JPY120815D000131108946,70D000131108946,70                                                                     
 610000020                  93001      MS02USD01 00H0316301696000000003481USD120815D000000153868,23IT02                 
 640000020USD120815D000000153868,23D000000153868,23                                                                     
 610000021                  93001      MS03EUR01 00B0343901600000000004356EUR120815C000292475904,89IT93                 
 640000021EUR120815C000292475904,89C000292475904,89                                                                     
 610000022                  93001      MS03GBP01 00O0316301696000000003488GBP120815C000253012434,31IT35                 
 640000022GBP120815C000253012434,31C000253012434,31                                                                     
 610000023                  93001      MS03JPY01 00P0316301696000000003489JPY120815D001399168666,00IT12                 
 640000023JPY120815D001399168666,00D001399168666,00                                                                     
 610000024                  93001      MS03USD01 00N0316301696000000003487USD120815C000043413000,47IT58                 
 640000024USD120815C000043413000,47C000043413000,47                                                                     
 610000025                  93001   GLE1BHDBH101 00D0343901600000000011203BHD120815C000000000000,00IT17                 
 640000025BHD120815C000000000000,00C000000000000,00                                                                     
 610000026                  93001   GLE1BRLBR101 00L0316301696000000000700BRL120815D000000584076,12IT27                 
 640000026BRL120815D000000584076,12D000000584076,12                                                                     
 610000027                  93001   GLE1TNDTN101 00E0343901600000000011204TND120815C000000000000,00IT91                 
 640000027TND120815C000000000000,00C000000000000,00                                                                     
 610000028                  93001   MS01KRWKR301 00M0316301696000000003478KRW120815C000298879543,47IT06                 
 640000028KRW120815C000298879543,47C000298879543,47                                                                     
 610000029                  93001   MS02KRWKR301 00K0316301696000000003484KRW120815C000010779963,90IT30                 
 640000029KRW120815C000010779963,90C000010779963,90                                                                     
 610000030                  93001   MS03KRWKR301 00J0316301696000000003491KRW120815C000000000000,00IT31                 
 640000030KRW120815C000000000000,00C000000000000,00                                                                     
 EF03439613D0120815RH613D0150812162856       0000030                              0000087                               
 RH03439613D5120815RH613D5150812162856                                                                                  
 610000001                  93001      GLE5EUR01 00O0316301696000000000516EUR120815C000000671757,10IT60                 
 620000001001250615120815C000000005000,004838                150625060537GT                                             
 630000001001INBOUND SEPA CREDIT TRF   EtE:NOTPROVIDEDTRN: 15062500056BAN ORD: DEUTDEFFXXX DEUTSCHE BANK AG             
 630000001001       ORD: DI NARDO                                                                                       
 620000001002010715120815D000000000260,005050                15GAKBBBBM0FTD                                             
 630000001002GENERIC PAYMENTSMTRN: 15070100206IT60O0316301696000000000516 IT60O0316301696000000000516                   
 620000001003010715120815C000000000260,005050                15GAKBBBBM0FTD                                             
 630000001003GENERIC PAYMENTSMTRN: 15070100206IT60O0316301696000000000516 IT60O0316301696000000000516                   
 620000001004010715120815D000000000300,005050                15GAKBBBBRCFTD                                             
 630000001004GENERIC PAYMENTSMTRN: 15070100208IT60O0316301696000000000516 IT60O0316301696000000000516                   
 620000001005010715120815C000000000300,005050                15GAKBBBBRCFTD                                             
 630000001005GENERIC PAYMENTSMTRN: 15070100208IT60O0316301696000000000516 IT60O0316301696000000000516                   
 620000001006260615120815C000000005000,004838                150626043231GT                                             
 630000001006INBOUND SEPA CREDIT TRF   EtE:NOTPROVIDEDTRN: 15062600054BAN ORD: DEUTDEFFXXX DEUTSCHE BANK AG             
 630000001006       ORD: DI NARDO                                                                                       
 640000001EUR120815C000000681757,10C000000681757,10                                                                     
 650000001130815C000000681757,10140815C000000681757,10170815C000000681757,10180815C000000681757,10190815C000000681757,10
 610000002                  93001      GLE5GBP01 00P0316301696000000000517GBP120815D000000008947,47IT37                 
 640000002GBP120815D000000008947,47D000000008947,47                                                                     
 610000003                  93001      GLE5JPY01 00Q0316301696000000000518JPY120815D000013724364,72IT14                 
 640000003JPY120815D000013724364,72D000013724364,72                                                                     
 610000004                  93001      GLE5USD01 00R0316301696000000000519USD120815C000000049995,98IT88                 
 640000004USD120815C000000049995,98C000000049995,98                                                                     
 EF03439613D5120815RH613D5150812162856       0000004                              0000025                               
 RH03439613EE120815RH613EE150812162856                                                                                  
 610000001                  93001      GLE2AUD01 00Z0316301696000000002809AUD120815C000013653473,11IT79                 
 640000001AUD120815C000013653473,11C000013653473,11                                                                     
 610000002                  93001      GLE2CAD01 00S0343901600000000004408CAD120815C000000453433,79IT18                 
 640000002CAD120815C000000453433,79C000000453433,79                                                                     
 610000003                  93001      GLE2CHF01 00Y0343901600000000007430CHF120815C000000697063,79IT25                 
 640000003CHF120815C000000697063,79C000000697063,79                                                                     
 610000004                  93001      GLE2EUR01 00D0343901600000000004358EUR120815C001683405385,63IT47                 
 620000004001120815120815D000890425794,423434                testflag                                                   
 630000004001TRANSFER ORDERS(SAME BANK)RIF.INT: 15081200051funding per test fl ag                                       
 640000004EUR120815C000792979591,21C000792979591,21                                                                     
 650000004130815C000792979591,21140815C000792979591,21170815C000792979591,21180815C000792979591,21190815C000792979591,21
 610000005                  93001      GLE2GBP01 00S0316301696000000000509GBP120815C000002122598,86IT71                 
 640000005GBP120815C000002122598,86C000002122598,86                                                                     
 610000006                  93001      GLE2JPY01 00I0316301696000000000510JPY120815D043942204291,59IT04                 
 640000006JPY120815D043942204291,59D043942204291,59                                                                     
 610000007                  93001      GLE2MXN01 00O0343901600000000004503MXN120815D000010920735,73IT56                 
 640000007MXN120815D000010920735,73D000010920735,73                                                                     
 610000008                  93001      GLE2NZD01 00N0343901600000000004502NZD120815D000000000031,88IT79                 
 640000008NZD120815D000000000031,88D000000000031,88                                                                     
 610000009                  93001      GLE2USD01 00R0316301696000000000508USD120815C000000281557,45IT94                 
 640000009USD120815C000000281557,45C000000281557,45                                                                     
 610000010                  93001      ZLIAGBP01 00L0316301696000000001503GBP120815C000015844668,21IT74                 
 640000010GBP120815C000015844668,21C000015844668,21                                                                     
 610000011                  93001      ZLIAJPY01 00M0316301696000000001504JPY120815C002440586938,28IT51                 
 640000011JPY120815C002440586938,28C002440586938,28                                                                     
 610000012                  93001      ZLIAUSD01 00N0316301696000000001505USD120815C000000541139,61IT28                 
 640000012USD120815C000000541139,61C000000541139,61                                                                     
 610000013                  93001      ZLIEEUR01 00M0316301696000000001515EUR120815C000008005982,53IT45                 
 640000013EUR120815C000008005982,53C000008005982,59                                                                     
 610000014                  93001      ZLIEGBP01 00O0316301696000000001517GBP120815C000000770762,90IT96                 
 640000014GBP120815C000000770762,90C000000770762,90                                                                     
 610000015                  93001      ZLIEUSD01 00N0316301696000000001516USD120815C000000780973,85IT22                 
 640000015USD120815C000000780973,85C000000780973,85                                                                     
 610000016                  93001   GLE2BRLBR101 00E0316301696000000000110BRL120815C000000802749,66IT21                 
 640000016BRL120815C000000802749,66C000000802749,66                                                                     
 610000017                  93001   GLE2RUBRU401 00U0343901600000000006602RUB120815D000000001446,12IT55                 
 640000017RUB120815D000000001446,12D000000001446,12                                                                     
 EF03439613EE120815RH613EE150812162856       0000017                              0000039                               
 RH03439613EF120815RH613EF150812162856                                                                                  
 610000001                  93001      GLE4CAD01 00X0343901600000000004940CAD120815C000000112883,63IT30                 
 640000001CAD120815C000000112883,63C000000112883,63                                                                     
 610000002                  93001      GLE4EUR01 00N0316301696000000000515EUR120815D000890425794,42IT83                 
 620000002001120815120815C000000000400,00ZIWA                TR-MT1522410002                                            
 630000002001SWIFT CREDIT TRANSFER INTRN: 15081200062 RIF. ORIG.: R075315812G6 0004BAN ORD:                             
 630000002001                      OR D: Banca Intesa Sanpaolo              Banca Intesa Sanpaolo                       
 620000002002120815120815C000000000350,00ZIWA                TR-MT1522410001                                            
 630000002002SWIFT CREDIT TRANSFER INTRN: 15081200063 RIF. ORIG.: R075315812G6 0003BAN ORD:                             
 630000002002                      OR D: Banca Intesa Sanpaolo              Banca Intesa Sanpaolo                       
 620000002003120815120815C000890425794,423434                testflag                                                   
 630000002003TRANSFER ORDERS(SAME BANK)RIF.INT: 15081200052funding per test fl ag                                       
 640000002EUR120815C000000000750,00C000000000750,00                                                                     
 650000002130815C000000000750,00140815C000000000750,00170815C000000000750,00180815C000000000750,00190815C000000000750,00
 610000003                  93001      GLE4GBP01 00L0316301696000000000513GBP120815C000000000076,54IT32                 
 640000003GBP120815C000000000076,54C000000000076,54                                                                     
 610000004                  93001      GLE4JPY01 00M0316301696000000000514JPY120815D000000003098,70IT09                 
 640000004JPY120815D000000003098,70D000000003098,70                                                                     
 610000005                  93001      GLE4USD01 00K0316301696000000000512USD120815D000002987673,60IT55                 
 620000005001120815120815C000002987673,603434                gle4usd                                                    
 630000005001TRANSFER ORDERS(SAME BANK)RIF.INT: 15081200050giroconto per manca nza fondi                                
 640000005USD120815C000000000000,00C000000000000,00                                                                     
 610000006                  93001   GLE1KRWKR303 00O0343901600000000004404KRW120815C000250554305,32IT13                 
 640000006KRW120815C000250554305,32C000250554305,32                                                                     
 EF03439613EF120815RH613EF150812162856       0000006                              0000025                               
 RH0343970570120815RH70570150812162856                                                                                  
 610000001                  93001      BDP1EUR01 00E0343901600000000001700EUR120815C000050583498,06IT37                 
 640000001EUR120815C000050583498,06C000050583498,06                                                                     
 610000002                  93001      BDP1GBP01 00G0316301696000000002458GBP120815D000004915645,71IT71                 
 640000002GBP120815D000004915645,71D000004915645,71                                                                     
 610000003                  93001      BDP1USD01 00H0316301696000000002459USD120815C000002012379,83IT48                 
 640000003USD120815C000002012379,83C000002012379,83                                                                     
 610000004                  93001      GL00CHF01 00J0343901600000000004966CHF120815C000004991602,49IT48                 
 640000004CHF120815C000004991602,49C000004991602,49                                                                     
 610000005                  93001      GL00EUR01 00P0343901600000000004603EUR120815C000004760537,30IT76                 
 640000005EUR120815C000004760537,30C000004760537,30                                                                     
 610000006                  93001      GL00GBP01 00R0343901600000000004605GBP120815C000005010830,24IT30                 
 640000006GBP120815C000005010830,24C000005010830,24                                                                     
 610000007                  93001      GL00JPY01 00S0343901600000000004606JPY120815C000004997511,28IT07                 
 640000007JPY120815C000004997511,28C000004997511,28                                                                     
 610000008                  93001      GL00NOK01 00C0343901600000000004654NOK120815C000006557966,39IT05                 
 640000008NOK120815C000006557966,39C000006557966,39                                                                     
 610000009                  93001      GL00USD01 00Q0343901600000000004604USD120815C000005026554,46IT53                 
 640000009USD120815C000005026554,46C000005026554,46                                                                     
 610000010                  93001      GL01CHF01 00K0343901600000000004967CHF120815C000004991578,37IT25                 
 640000010CHF120815C000004991578,37C000004991578,37                                                                     
 610000011                  93001      GL01EUR01 00U0343901600000000004608EUR120815C000154144521,98IT58                 
 620000011001120815120815D000000000001,0074X3                                                                           
 630000011001STAMP DUTY ON CASH ACCOUNTSADD. BOLLO: DailyDATA INVIO E/C: 12-08 -15                                      
 640000011EUR120815C000154144520,98C000154144520,98                                                                     
 650000011130815C000154144520,98140815C000154144520,98170815C000154144520,98180815C000154144520,98190815C000154144520,98
 610000012                  93001      GL01GBP01 00L0343901600000000004610GBP120815C000004609480,99IT65                 
 640000012GBP120815C000004609480,99C000004609480,99                                                                     
 610000013                  93001      GL01JPY01 00M0343901600000000004611JPY120815C000004993403,58IT42                 
 640000013JPY120815C000004993403,58C000004993403,58                                                                     
 610000014                  93001      GL01NOK01 00L0343901600000000004968NOK120815C000005051473,13IT02                 
 640000014NOK120815C000005051473,13C000005051473,13                                                                     
 610000015                  93001      GL01PLN01 00P0343901600000000004812PLN120815C000007138647,76IT59                 
 640000015PLN120815C000007138647,76C000007138647,76                                                                     
 610000016                  93001      GL01USD01 00V0343901600000000004609USD120815C000010364894,34IT35                 
 640000016USD120815C000010364894,34C000010364894,34                                                                     
 610000017                  93001      GL02CHF01 00M0343901600000000004969CHF120815C000004991602,49IT76                 
 640000017CHF120815C000004991602,49C000004991602,49                                                                     
 610000018                  93001      GL02EUR01 00O0343901600000000004613EUR120815C000004886125,02IT93                 
 640000018EUR120815C000004886125,02C000004886125,02                                                                     
 610000019                  93001      GL02GBP01 00Q0343901600000000004615GBP120815C000005010893,08IT47                 
 640000019GBP120815C000005010893,08C000005010893,08                                                                     
 610000020                  93001      GL02JPY01 00R0343901600000000004616JPY120815C000004997511,28IT24                 
 640000020JPY120815C000004997511,28C000004997511,28                                                                     
 610000021                  93001      GL02NOK01 00F0343901600000000004970NOK120815C000005051718,51IT21                 
 640000021NOK120815C000005051718,51C000005051718,51                                                                     
 610000022                  93001      GL02USD01 00P0343901600000000004614USD120815C000006035018,07IT70                 
 640000022USD120815C000006035018,07C000006035018,07                                                                     
 610000023                  93001      GL03CHF01 00G0343901600000000004971CHF120815C000004992161,45IT95                 
 640000023CHF120815C000004992161,45C000004992161,45                                                                     
 610000024                  93001      GL03EUR01 00T0343901600000000004618EUR120815C000223808193,47IT75                 
 640000024EUR120815C000223808193,47C000223808193,47                                                                     
 610000025                  93001      GL03GBP01 00Q0343901600000000004620GBP120815C000005016323,46IT09                 
 640000025GBP120815C000005016323,46C000005016323,46                                                                     
 610000026                  93001      GL03JPY01 00R0343901600000000004621JPY120815C000004998608,28IT83                 
 640000026JPY120815C000004998608,28C000004998608,28                                                                     
 610000027                  93001      GL03NOK01 00H0343901600000000004972NOK120815C000005068376,64IT72                 
 640000027NOK120815C000005068376,64C000005068376,64                                                                     
 610000028                  93001      GL03USD01 00U0343901600000000004619USD120815C000005037623,95IT52                 
 640000028USD120815C000005037623,95C000005037623,95                                                                     
 610000029                  93001      GL04CHF01 00I0343901600000000004973CHF120815C000004992161,45IT49                 
 640000029CHF120815C000004992161,45C000004992161,45                                                                     
 610000030                  93001      GL04EUR01 00T0343901600000000004623EUR120815C000028434124,14IT37                 
 640000030EUR120815C000028434124,14C000028434124,14                                                                     
 610000031                  93001      GL04GBP01 00V0343901600000000004625GBP120815C000005016323,46IT88                 
 640000031GBP120815C000005016323,46C000005016323,46                                                                     
 610000032                  93001      GL04JPY01 00W0343901600000000004626JPY120815C000004998608,28IT65                 
 640000032JPY120815C000004998608,28C000004998608,28                                                                     
 610000033                  93001      GL04NOK01 00J0343901600000000004974NOK120815C000005068376,64IT26                 
 640000033NOK120815C000005068376,64C000005068376,64                                                                     
 610000034                  93001      GL04USD01 00U0343901600000000004624USD120815C000005037623,95IT14                 
 640000034USD120815C000005037623,95C000005037623,95                                                                     
 610000035                  93001      GL07CHF01 00D0343901600000000004655CHF120815C000005991887,66IT79                 
 640000035CHF120815C000005991887,66C000005991887,66                                                                     
 610000036                  93001      GL07EUR01 00A0343901600000000004638EUR120815C000002580427,48IT41                 
 640000036EUR120815C000002580427,48C000002580427,48                                                                     
 610000037                  93001      GL07GBP01 00U0343901600000000004640GBP120815C000005010869,22IT67                 
 640000037GBP120815C000005010869,22C000005010869,22                                                                     
 610000038                  93001      GL07JPY01 00V0343901600000000004641JPY120815C000004993403,58IT44                 
 640000038JPY120815C000004993403,58C000004993403,58                                                                     
 610000039                  93001      GL07NOK01 00O0343901600000000004979NOK120815C000005051554,92IT08                 
 640000039NOK120815C000005051554,92C000005051554,92                                                                     
 610000040                  93001      GL07USD01 00B0343901600000000004639USD120815C000005027010,69IT18                 
 640000040USD120815C000005027010,69C000005027010,69                                                                     
 610000041                  93001      GL08CHF01 00H0343901600000000004980CHF120815C000004991602,49IT50                 
 640000041CHF120815C000004991602,49C000004991602,49                                                                     
 610000042                  93001      GL08EUR01 00X0343901600000000004643EUR120815C000000000000,00IT95                 
 640000042EUR120815C000000000000,00C000000000000,00                                                                     
 610000043                  93001      GL08GBP01 00Z0343901600000000004645GBP120815C000007683640,60IT49                 
 640000043GBP120815C000007683640,60C000007683640,60                                                                     
 610000044                  93001      GL08JPY01 00A0343901600000000004646JPY120815C000004997511,28IT19                 
 640000044JPY120815C000004997511,28C000004997511,28                                                                     
 610000045                  93001      GL08NOK01 00I0343901600000000004981NOK120815C000005051718,51IT27                 
 640000045NOK120815C000005051718,51C000005051718,51                                                                     
 610000046                  93001      GL08USD01 00Y0343901600000000004644USD120815C000000000000,00IT72                 
 640000046USD120815C000000000000,00C000000000000,00                                                                     
 610000047                  93001      GL09CHF01 00J0343901600000000004982CHF120815C000004991566,32IT04                 
 640000047CHF120815C000004991566,32C000004991566,32                                                                     
 610000048                  93001      GL09EUR01 00C0343901600000000004648EUR120815C000004912248,17IT70                 
 640000048EUR120815C000004912248,17C000004912248,17                                                                     
 610000049                  93001      GL09GBP01 00Y0343901600000000004650GBP120815C000005010869,22IT07                 
 640000049GBP120815C000005010869,22C000005010869,22                                                                     
 610000050                  93001      GL09JPY01 00Z0343901600000000004651JPY120815C000004993403,58IT81                 
 640000050JPY120815C000004993403,58C000004993403,58                                                                     
 610000051                  93001      GL09NOK01 00K0343901600000000004983NOK120815C000005051554,92IT78                 
 640000051NOK120815C000005051554,92C000005051554,92                                                                     
 610000052                  93001      GL09USD01 00D0343901600000000004649USD120815C000005027010,69IT47                 
 640000052USD120815C000005027010,69C000005027010,69                                                                     
 610000053                  93001   GL01KRWKR301 00N0343901600000000004612KRW120815D000001023466,71IT19                 
 640000053KRW120815D000001023466,71D000001023466,71                                                                     
 EF0343970570120815RH70570150812162856       0000053                              0000111                               
 RH034398Y627120815RH8Y627150812162856                                                                                  
 610000001                  93001      BAGLCHF01 00C0343901600000000004753CHF120815D000000100802,80IT48                 
 640000001CHF120815D000000100802,80D000000100802,80                                                                     
 610000002                  93001      BAGLDKK01 00D0343901600000000004754DKK120815D000000154912,80IT25                 
 640000002DKK120815D000000154912,80D000000154912,80                                                                     
 610000003                  93001      BAGLEUR01 00O0343901600000000001627EUR120815C000008142932,81IT11                 
 640000003EUR120815C000008142932,81C000008142932,81                                                                     
 610000004                  93001      BAGLGBP01 00V0316301696000000001628GBP120815C000000007433,89IT37                 
 640000004GBP120815C000000007433,89C000000007433,89                                                                     
 610000005                  93001      BAGLJPY01 00P0343901600000000006410JPY120815D000000004206,70IT78                 
 640000005JPY120815D000000004206,70D000000004206,70                                                                     
 610000006                  93001      BAGLUSD01 00Q0316301696000000001631USD120815C000001936675,25IT33                 
 640000006USD120815C000001936675,25C000001936675,25                                                                     
 610000007                  93001      BAGMEUR01 00L0343901600000000001632EUR120815C000140648161,43IT58                 
 640000007EUR120815C000140648161,43C000140648161,43                                                                     
 610000008                  93001      BAGMGBP01 00S0316301696000000001633GBP120815D000000000023,87IT84                 
 640000008GBP120815D000000000023,87D000000000023,87                                                                     
 610000009                  93001      BAGMUSD01 00U0316301696000000001635USD120815D000000002067,19IT38                 
 640000009USD120815D000000002067,19D000000002067,19                                                                     
 610000010                  93001   BAGLCNYCN901 00S0343901600000000006600CNY120815D000000000239,89IT04                 
 640000010CNY120815D000000000239,89D000000000239,89                                                                     
 610000011                  93001   BAGLRUBRU401 00T0343901600000000006601RUB120815C000010102119,71IT78                 
 640000011RUB120815C000010102119,71C000010102119,71                                                                     
 EF034398Y627120815RH8Y627150812162856       0000011                              0000024                               
 RH0343984627120815RH84627150812162856                                                                                  
 610000001                  93001      BDP2EUR01 00W0316301696000000002129EUR120815D000000000004,50IT94                 
 640000001EUR120815D000000000004,50D000000000004,50                                                                     
 610000002                  93001      GL05CHF01 00K0343901600000000004975CHF120815C000004991602,49IT03                 
 640000002CHF120815C000004991602,49C000004991602,49                                                                     
 610000003                  93001      GL05EUR01 00Y0343901600000000004628EUR120815C000004564204,57IT19                 
 640000003EUR120815C000004564204,57C000004564204,57                                                                     
 610000004                  93001      GL05GBP01 00S0343901600000000004630GBP120815C000005010893,08IT38                 
 640000004GBP120815C000005010893,08C000005010893,08                                                                     
 610000005                  93001      GL05JPY01 00T0343901600000000004631JPY120815C000004997511,28IT15                 
 640000005JPY120815C000004997511,28C000004997511,28                                                                     
 610000006                  93001      GL05NOK01 00L0343901600000000004976NOK120815C000005051718,51IT77                 
 640000006NOK120815C000005051718,51C000005051718,51                                                                     
 610000007                  93001      GL05USD01 00Z0343901600000000004629USD120815C000001310242,13IT93                 
 640000007USD120815C000001310242,13C000001310242,13                                                                     
 610000008                  93001      GL06CHF01 00M0343901600000000004977CHF120815C000004991602,49IT54                 
 640000008CHF120815C000004991602,49C000004991602,49                                                                     
 610000009                  93001      GL06EUR01 00V0343901600000000004633EUR120815C000003100211,79IT66                 
 640000009EUR120815C000003100211,79C000003100211,79                                                                     
 610000010                  93001      GL06GBP01 00X0343901600000000004635GBP120815C000005010893,08IT20                 
 640000010GBP120815C000005010893,08C000005010893,08                                                                     
 610000011                  93001      GL06JPY01 00Y0343901600000000004636JPY120815C000004997511,28IT94                 
 640000011JPY120815C000004997511,28C000004997511,28                                                                     
 610000012                  93001      GL06NOK01 00N0343901600000000004978NOK120815C000005051718,51IT31                 
 640000012NOK120815C000005051718,51C000005051718,51                                                                     
 610000013                  93001      GL06USD01 00W0343901600000000004634USD120815C000005027049,94IT43                 
 640000013USD120815C000005027049,94C000005027049,94                                                                     
 EF0343984627120815RH84627150812162856       0000013                              0000028                               
