 EC03439AFGFJ030815ECAFGFJ150804114133                                                                                  
 610000001                  93003      BATYEUR01 00F0343901600000000009334EUR010815C006167477786,64IT48                 
 640000001EUR030815C006167477786,64                                                                                     
 610000002                  93003      BATYHKD01 00G0343901600000000009335HKD010815C000010011094,11IT25                 
 640000002HKD030815C000010011094,11                                                                                     
 610000003                  93003      BATYUSD03 00J0343901600000000009338USD010815D001928319746,03IT53                 
 640000003USD030815D001928319746,03                                                                                     
 EF03439AFGFJ030815ECAFGFJ150804114133       0000003                              0000008                               
 EC03439AL1K9030815ECAL1K9150804114133                                                                                  
 610000001                  93003      PRRFEUR01 00G0343901600000000009916EUR010815C000006170968,88IT52                 
 640000001EUR030815C000006170968,88                                                                                     
 610000002                  93003      PRRGEUR01 00I0343901600000000009918EUR010815C000013340777,34IT06                 
 640000002EUR030815C000013340777,34                                                                                     
 610000003                  93003      PRRHEUR01 00F0343901600000000009920EUR010815C000009990846,21IT37                 
 640000003EUR030815C000009990846,21                                                                                     
 610000004                  93003      PRRIEUR01 00H0343901600000000009922EUR010815C000014757271,23IT88                 
 640000004EUR030815C000014757271,23                                                                                     
 610000005                  93003      PRRJEUR01 00J0343901600000000009924EUR010815C000007840433,76IT42                 
 640000005EUR030815C000007840433,76                                                                                     
 610000006                  93003      PRRMEUR01 00E0343901600000000010115EUR010815C000000222861,52IT06                 
 640000006EUR030815C000000222861,52                                                                                     
 610000007                  93003      PRRNEUR01 00N0343901600000000010046EUR010815C000000539279,43IT62                 
 640000007EUR030815C000000539279,43                                                                                     
 610000008                  93003      PRRUEUR01 00P0343901600000000010048EUR010815C000009719960,23IT16                 
 640000008EUR030815C000009719960,23                                                                                     
 610000009                  93003      PRRVEUR01 00L0343901600000000010050EUR010815C000009946515,15IT43                 
 640000009EUR030815C000009946515,15                                                                                     
 610000010                  93003      PRRWEUR01 00O0343901600000000010053EUR010815C000010476142,59IT71                 
 640000010EUR030815C000010476142,59                                                                                     
 610000011                  93003      PRRZEUR01 00S0343901600000000010057EUR010815C000011547336,13IT76                 
 640000011EUR030815C000011547336,13                                                                                     
 610000012                  93003      V1RVEUR01 00G0343901600000000010117EUR010815C000008145474,28IT57                 
 640000012EUR030815C000008145474,28                                                                                     
 EF03439AL1K9030815ECAL1K9150804114133       0000012                              0000026                               
 EC03439AMCBW030815ECAMCBW150804114133                                                                                  
 610000001                  93003      SJ0UEUR01 00Q0343901600000000004422EUR010815D000001009958,89IT20                 
 640000001EUR030815D000001009958,89                                                                                     
 610000002                  93003      TDGAEUR01 00I0316301696000000002110EUR010815C000008195417,93IT66                 
 620000002001030815030815D000000000002,0074X3                                                                           
 630000002001STAMP DUTY ON CASH ACCOUNTSADD. BOLLO: DATA INVIO E/C:                                                     
 640000002EUR030815C000008195415,93                                                                                     
 EF03439AMCBW030815ECAMCBW150804114133       0000002                              0000008                               
 EC03439AWKMU030815ECAWKMU150804114133                                                                                  
 610000001                  93003      MIA2USD01 00I0316301696000000001412USD010815C000010988745,03IT94                 
 640000001USD030815C000010988745,03                                                                                     
 EF03439AWKMU030815ECAWKMU150804114133       0000001                              0000004                               
 EC0343936394030815EC36394150804114133                                                                                  
 610000001                  93003      G3YGEUR01 00J0343901600000000010026EUR010815C000012022820,47IT04                 
 640000001EUR030815C000012022820,47                                                                                     
 610000002                  93003      G4YGCAD01 00C0343901600000000010113CAD010815C000010073117,45IT52                 
 640000002CAD030815C000010073117,45                                                                                     
 610000003                  93003      G4YGDKK01 00G0343901600000000010106DKK010815D000000003117,00IT63                 
 640000003DKK030815D000000003117,00                                                                                     
 610000004                  93003      G4YGEUR01 00K0343901600000000010027EUR010815D000008556367,42IT78                 
 640000004EUR030815D000008556367,42                                                                                     
 610000005                  93003      G4YGNOK01 00I0343901600000000010108NOK010815D000068153585,81IT17                 
 640000005NOK030815D000068153585,81                                                                                     
 610000006                  93003      G4YGPLN01 00H0343901600000000010107PLN010815C000010058490,10IT40                 
 640000006PLN030815C000010058490,10                                                                                     
 610000007                  93003      G4YGSGD01 00J0343901600000000010109SGD010815C000000014000,22IT91                 
 640000007SGD030815C000000014000,22                                                                                     
 610000008                  93003   G1YGEURAF101 00H0343901600000000010019EUR010815C000009998969,50IT88                 
 640000008EUR030815C000009998969,50                                                                                     
 610000009                  93003   G1YGEURAF301 00D0343901600000000010020EUR010815C000009992193,50IT45                 
 620000009001030815030815D000000000001,0074X3                                                                           
 630000009001STAMP DUTY ON CASH ACCOUNTSADD. BOLLO: DATA INVIO E/C:                                                     
 640000009EUR030815C000009992192,50                                                                                     
 610000010                  93003   G1YGEURTR101 00E0343901600000000010021EUR010815C000010011686,52IT22                 
 640000010EUR030815C000010011686,52                                                                                     
 610000011                  93003   G2YGEURPRP01 00G0343901600000000010023EUR010815C000010178783,78IT73                 
 640000011EUR030815C000010178783,78                                                                                     
 610000012                  93003   G2YGEURTR101 00I0343901600000000010025EUR010815C000010010159,84IT27                 
 640000012EUR030815C000010010159,84                                                                                     
 610000013                  93003   G2YGEURWHT01 00H0343901600000000010024EUR010815C000010505753,74IT50                 
 640000013EUR030815C000010505753,74                                                                                     
 610000014                  93003   G2YGKRWKR301 00A0343901600000000010111KRW010815C000009999389,84IT01                 
 640000014KRW030815C000009999389,84                                                                                     
 610000015                  93003   G4YGKRWKR301 00Z0343901600000000010110KRW010815C000009999084,76IT31                 
 640000015KRW030815C000009999084,76                                                                                     
 EF0343936394030815EC36394150804114133       0000015                              0000034                               
 EC03439613D0030815EC613D0150804114133                                                                                  
 610000001                  93003      GLE1EUR01 00C0343901600000000004357EUR010815C000108968496,91IT70                 
 620000001001210715030815C000000000002,00ZHCB                15QSHABBQSK                                                
 630000001001VENDITA TITOLIRIF:  RIF. CLI: ISIN: DES: DEPOSITO TITOLI:  TRADE DATE: QUANTIT`:                           
 620000001002070715030815D000000000010,0083CA                15QBHABBPGP                                                
 630000001002ACQUISTO TITOLIRIF:  RIF. CLI: ISIN: DES: DEPOSITO TITOLI:  TRADE DATE: QUANTIT`:                          
 620000001003030815030815C000000000150,006666                gle1_mt200_7                                               
 630000001003SPESERIF.INT: gle1_mt200_7                                                                                 
 620000001004030815030815D000000000050,003434                testsimona                                                 
 630000001004GIRO CONTO (STESSA BANCA)RIF.INT: testsimona      pagamento viagg io maldive                               
 620000001005030815030815D000000000001,0074X3                                                                           
 630000001005IMPOSTA DI BOLLO C/C AUTOMATICOADD. BOLLO: DATA INVIO E/C:                                                 
 620000001006070715030815C000000000010,00ZHCB                15QSHABBPGF                                                
 630000001006VENDITA TITOLIRIF:  RIF. CLI: ISIN: DES: DEPOSITO TITOLI:  TRADE DATE: QUANTIT`:                           
 620000001007070715030815C000000000002,00ZHCB                15QSHABBPG6                                                
 630000001007VENDITA TITOLIRIF:  RIF. CLI: ISIN: DES: DEPOSITO TITOLI:  TRADE DATE: QUANTIT`:                           
 620000001008070715030815D000000000002,00ZHCB                15QSHABBPG6                                                
 630000001008VENDITA TITOLIRIF:  RIF. CLI: ISIN: DES: DEPOSITO TITOLI:  TRADE DATE: QUANTIT`:                           
 620000001009070715030815C000000000010,0083CA                15QBHABBPGP                                                
 630000001009ACQUISTO TITOLIRIF:  RIF. CLI: ISIN: DES: DEPOSITO TITOLI:  TRADE DATE: QUANTIT`:                          
 620000001010030815030815C000000000160,007474                gle1_mt200_8                                               
 630000001010IMPOSTA DI BOLLO C/C - MANUALERIF.INT:                                                                     
 620000001011030815030815C000000000170,008283                GLE1_MT200_9                                               
 630000001011SOTT TITOLI E/O FONDI COMUNIRIF.INT: GLE1_MT200_9                                                          
 620000001012030815030815C000000000100,0034F5                gle1_mt200_1                                               
 630000001012GIROCONTORIF: gle1_mt200_1                                                                                 
 620000001013070715030815D000000000010,00ZHCB                15QSHABBPGF                                                
 630000001013VENDITA TITOLIRIF:  RIF. CLI: ISIN: DES: DEPOSITO TITOLI:  TRADE DATE: QUANTIT`:                           
 620000001014070715030815C000000000002,00ZHCB                15QSHABBPHJ                                                
 630000001014VENDITA TITOLIRIF:  RIF. CLI: ISIN: DES: DEPOSITO TITOLI:  TRADE DATE: QUANTIT`:                           
 620000001015030815030815C000000000101,00ZL02                gle1_mt200_2                                               
 630000001015BONIFICO SWIFT OUTTRN: gle1_mt200_2     RIF. ORIG.: BAN BEN:                                               
 630000001015    BEN: S : SECURITY SQA EF2                                                                              
 620000001016030815030815D000000000060,002636                15HAKBBBCLRFTA                                             
 630000001016BONIFICO SEPA IN USCITA   EtE:89857TRN:989695BAN BEN: MEDBITMMXXX BANCA MEDIOLANUM                    BEN: 
 630000001016DOTT ROSSI  AMP  ASSOCIA CIATI         PAGAMENTO FATTURA DENTISTA                                          
 620000001017210715030815D000000000002,0083CA                15QBHABBQSB                                                
 630000001017ACQUISTO TITOLIRIF:  RIF. CLI: ISIN: DES: DEPOSITO TITOLI:  TRADE DATE: QUANTIT`:                          
 620000001018030815030815C000010466946,97Z1W9                                                                           
 630000001018GIRO NETTING DATA VALUTA                                                                                   
 620000001019030815030815C000000000140,005050                gle1+mt200_5                                               
 630000001019PAGAMENTI DIVERSIMTRN: 15080300099                                                                         
 620000001020030815030815C000000003000,00Z1W9                                                                           
 630000001020GIRO NETTING DATA VALUTA                                                                                   
 620000001021070715030815D000000000002,00ZHCB                15QSHABBPHJ                                                
 630000001021VENDITA TITOLIRIF:  RIF. CLI: ISIN: DES: DEPOSITO TITOLI:  TRADE DATE: QUANTIT`:                           
 620000001022030815030815C000000000110,003434                gle1_mt200_3                                               
 630000001022GIRO CONTO (STESSA BANCA)RIF.INT: gle1_mt200_3                                                             
 620000001023030815030815D000000000900,001010                15HAKBBBCJSFTA                                             
 630000001023EMISSIONI A/C O VAGLIATRN: 15HAKBBBCJSFTA  BEN: Test Morgn                                                 
 620000001024210715030815C000000000002,0083CA                15QBHABBQSB                                                
 630000001024ACQUISTO TITOLIRIF:  RIF. CLI: ISIN: DES: DEPOSITO TITOLI:  TRADE DATE: QUANTIT`:                          
 620000001025030815030815D000000007500,00Z1W9                                                                           
 630000001025GIRO NETTING DATA VALUTA                                                                                   
 620000001026030815030815C000000413056,21Z1X5                                                                           
 630000001026AUTOMATIC CASH SWEEP                                                                                       
 640000001EUR030815C000119843922,09                                                                                     
 610000002                  93003      GLE1USD01 00I0316301696000000000312USD010815C007553716484,10IT15                 
 640000002USD030815C007553716484,10                                                                                     
 610000003                  93003      MS03EUR01 00B0343901600000000004356EUR010815C000292475904,89IT93                 
 640000003EUR030815C000292475904,89                                                                                     
 EF03439613D0030815EC613D0150804114133       0000003                              0000062                               
 EC03439613D5030815EC613D5150804114133                                                                                  
 610000001                  93003      GLE5EUR01 00O0316301696000000000516EUR010815C000000601757,10IT60                 
 620000001001010715030815C000000000300,005050                15GAKBBBBRCFTD                                             
 630000001001PAGAMENTI DIVERSIMTRN: 15070100208IT60O0316301696000000000516 IT60O0316301696000000000516                  
 620000001002250615030815C000000005000,004838                150625060537GT                                             
 630000001002BONIFICO SEPA IN ENTRATA  EtE:NOTPROVIDEDTRN: 011506250BUFRYBAN O RD: DEUTDEFFXXX DEUTSCHE BANK AG         
 630000001002           ORD: DI NARDO                                                                                   
 620000001003010715030815C000000000260,005050                15GAKBBBBM0FTD                                             
 630000001003PAGAMENTI DIVERSIMTRN: 15070100206IT60O0316301696000000000516 IT60O0316301696000000000516                  
 620000001004010715030815D000000000300,005050                15GAKBBBBRCFTD                                             
 630000001004PAGAMENTI DIVERSIMTRN: 15070100208IT60O0316301696000000000516 IT60O0316301696000000000516                  
 620000001005260615030815C000000005000,004838                150626043231GT                                             
 630000001005BONIFICO SEPA IN ENTRATA  EtE:NOTPROVIDEDTRN: 011506260BUFXFBAN O RD: DEUTDEFFXXX DEUTSCHE BANK AG         
 630000001005           ORD: DI NARDO                                                                                   
 620000001006010715030815D000000000260,005050                15GAKBBBBM0FTD                                             
 630000001006PAGAMENTI DIVERSIMTRN: 15070100206IT60O0316301696000000000516 IT60O0316301696000000000516                  
 640000001EUR030815C000000611757,10                                                                                     
 EF03439613D5030815EC613D5150804114133       0000001                              0000018                               
 EC03439613EE030815EC613EE150804114133                                                                                  
 610000001                  93003      GLE2EUR01 00D0343901600000000004358EUR010815C001683454146,13IT47                 
 620000001001030815030815C000000003500,003434                TESTCASH030815                                             
 630000001001GIRO CONTO (STESSA BANCA)RIF.INT: TESTCASH030815  test cash sweep                                          
 620000001002030815030815D000000002000,003434                sweep 2                                                    
 630000001002GIRO CONTO (STESSA BANCA)RIF.INT: sweep 2         sweep 2                                                  
 620000001003030815030815D000000001000,003434                sweep 1                                                    
 630000001003GIRO CONTO (STESSA BANCA)RIF.INT: sweep 1         sweep 1                                                  
 620000001004030815030815C000000004000,003434                TESTCASH03081502                                           
 630000001004GIRO CONTO (STESSA BANCA)RIF.INT: TESTCASH03081502TEST CASH SWEEP                                          
 640000001EUR030815C001683458646,13                                                                                     
 610000002                  93003      GLE2USD01 00R0316301696000000000508USD010815C000000281182,45IT94                 
 640000002USD030815C000000281182,45                                                                                     
 610000003                  93003      SMIREUR01 00U0343901600000000007006EUR280715C000000007930,79IT11                 
 640000003EUR030815C000000007930,79                                                                                     
 610000004                  93003      SMIRGBP01 00U0343901600000000007030GBP280715D000000000570,06IT42                 
 620000004001310715310715D000000000000,2418Y5                                                                           
 630000004001DEBIT INTERESTLIQUIDAZIONE MENSILE                                                                         
 640000004GBP030815D000000000570,30                                                                                     
 610000005                  93003      SMIRJPY01 00V0343901600000000007031JPY280715C000000000000,00IT19                 
 640000005JPY030815C000000000000,00                                                                                     
 610000006                  93003      SMIRUSD01 00V0343901600000000007007USD280715D000000001015,69IT85                 
 620000006001310715310715D000000000001,7518Y5                                                                           
 630000006001DEBIT INTERESTLIQUIDAZIONE MENSILE                                                                         
 640000006USD030815D000000001017,44                                                                                     
 610000007                  93003      SMISGBP01 00D0343901600000000007039GBP280715C000000021460,02IT22                 
 620000007001310715310715D000000000002,3719X4                                                                           
 630000007001TAX WITHHOLDING ON CREDIT INTEREST                                                                         
 620000007002310715310715C000000000009,1218Y6                                                                           
 630000007002CREDIT INTERESTLIQUIDAZIONE MENSILE                                                                        
 620000007003030815030815D000000000001,3574X3                                                                           
 630000007003STAMP DUTY ON CASH ACCOUNTSADD. BOLLO: DATA INVIO E/C:                                                     
 640000007GBP030815C000000021465,42                                                                                     
 610000008                  93003      SMISJPY01 00W0343901600000000007040JPY280715C000000014677,28IT71                 
 620000008001030815030815D000000000272,0074X3                                                                           
 630000008001STAMP DUTY ON CASH ACCOUNTSADD. BOLLO: DATA INVIO E/C:                                                     
 640000008JPY030815C000000014405,28                                                                                     
 610000009                  93003      SMIUEUR01 00V0343901600000000007018EUR280715D000000000342,47IT79                 
 620000009001310715310715D000000000000,0718Y5                                                                           
 630000009001DEBIT INTERESTLIQUIDAZIONE MENSILE                                                                         
 640000009EUR030815D000000000342,54                                                                                     
 610000010                  93003      SMIUGBP01 00Y0343901600000000007042GBP280715C000000000094,56IT25                 
 620000010001310715310715D000000000000,0119X4                                                                           
 630000010001TAX WITHHOLDING ON CREDIT INTEREST                                                                         
 620000010002310715310715C000000000000,0418Y6                                                                           
 630000010002CREDIT INTERESTLIQUIDAZIONE MENSILE                                                                        
 640000010GBP030815C000000000094,59                                                                                     
 610000011                  93003      SMIUJPY01 00Z0343901600000000007043JPY280715C000000000000,00IT02                 
 640000011JPY030815C000000000000,00                                                                                     
 610000012                  93003      SMIUUSD01 00W0343901600000000007019USD280715C000000000000,00IT56                 
 640000012USD030815C000000000000,00                                                                                     
 610000013                  93003      ZLIEUSD01 00N0316301696000000001516USD010815C000000780973,85IT22                 
 640000013USD030815C000000780973,85                                                                                     
 EF03439613EE030815EC613EE150804114133       0000013                              0000054                               
 EC03439613EF030815EC613EF150804114133                                                                                  
 610000001                  93003      GLE4EUR01 00N0316301696000000000515EUR280715D000889633009,14IT83                 
 620000001001070715290715D000000000010,0083CA                15QBGUBBNQN                                                
 630000001001ACQUISTO TITOLIRIF:  RIF. CLI: ISIN: DES: DEPOSITO TITOLI:  TRADE DATE: QUANTIT`:                          
 620000001002070715290715C000000000010,0083CA                15QBGUBBNQN                                                
 630000001002ACQUISTO TITOLIRIF:  RIF. CLI: ISIN: DES: DEPOSITO TITOLI:  TRADE DATE: QUANTIT`:                          
 620000001003290715290715D000000000010,0083CA                15QBGUBBBC3                                                
 630000001003ACQUISTO TITOLIRIF:  RIF. CLI: ISIN: DES: DEPOSITO TITOLI:  TRADE DATE: QUANTIT`:                          
 620000001004290715290715C000000000010,00ZHCB                15QSGUBBBNM                                                
 630000001004VENDITA TITOLIRIF:  RIF. CLI: ISIN: DES: DEPOSITO TITOLI:  TRADE DATE: QUANTIT`:                           
 620000001005300715300715D000000015096,002649                15GVKBBBBN2FTD  NROSUPCBIFEINAR1433480403                  
 630000001005BENEFICIARI DIVERSITRN: 15GVKBBBBN2FTD  IT83N03163016960000000005 15        IT80S0343901600000000006105    
 620000001006310715310715C000000000010,0083CA                15QBGWBBFBV                                                
 630000001006ACQUISTO TITOLIRIF:  RIF. CLI: ISIN: DES: DEPOSITO TITOLI:  TRADE DATE: QUANTIT`:                          
 620000001007310715310715C000000000010,0083CA                15QBGWBBCDD                                                
 630000001007ACQUISTO TITOLIRIF:  RIF. CLI: ISIN: DES: DEPOSITO TITOLI:  TRADE DATE: QUANTIT`:                          
 620000001008310715310715D000000000010,0083CA                15QBGWBBCDD                                                
 630000001008ACQUISTO TITOLIRIF:  RIF. CLI: ISIN: DES: DEPOSITO TITOLI:  TRADE DATE: QUANTIT`:                          
 620000001009310715310715D000000000010,0083CA                15QBGWBBCDX                                                
 630000001009ACQUISTO TITOLIRIF:  RIF. CLI: ISIN: DES: DEPOSITO TITOLI:  TRADE DATE: QUANTIT`:                          
 620000001010310715310715D000000000010,0083CA                15QBGWBBFBV                                                
 630000001010ACQUISTO TITOLIRIF:  RIF. CLI: ISIN: DES: DEPOSITO TITOLI:  TRADE DATE: QUANTIT`:                          
 620000001011150715310715C000000111333,00ZHCB                15QSGVBBS76                                                
 630000001011VENDITA TITOLIRIF:  RIF. CLI: ISIN: DES: DEPOSITO TITOLI:  TRADE DATE: QUANTIT`:                           
 620000001012310715310715D000000031283,8266II                2029600059001                                              
 630000001012COMMISSIONI ORDER ROUTINGTRN: 2029600059001   INVOICE NUMBER: ORB 15000056                                 
 620000001013310715310715C000000000010,0083CA                15QBGWBBCB2                                                
 630000001013ACQUISTO TITOLIRIF:  RIF. CLI: ISIN: DES: DEPOSITO TITOLI:  TRADE DATE: QUANTIT`:                          
 620000001014310715310715C000000000010,0083CA                15QBGWBBCDX                                                
 630000001014ACQUISTO TITOLIRIF:  RIF. CLI: ISIN: DES: DEPOSITO TITOLI:  TRADE DATE: QUANTIT`:                          
 620000001015150715310715D000000444777,0083CA                15QBGVBBS7Z                                                
 630000001015ACQUISTO TITOLIRIF:  RIF. CLI: ISIN: DES: DEPOSITO TITOLI:  TRADE DATE: QUANTIT`:                          
 620000001016310715310715D000000000010,0083CA                15QBGWBBCC2                                                
 630000001016ACQUISTO TITOLIRIF:  RIF. CLI: ISIN: DES: DEPOSITO TITOLI:  TRADE DATE: QUANTIT`:                          
 620000001017310715310715C000000000010,0083CA                15QBGWBBCC2                                                
 630000001017ACQUISTO TITOLIRIF:  RIF. CLI: ISIN: DES: DEPOSITO TITOLI:  TRADE DATE: QUANTIT`:                          
 620000001018310715310715D000000172921,4618Y5                                                                           
 630000001018INTERESSI A DEBITOLIQUIDAZIONE MENSILE                                                                     
 620000001019310715310715D000000000010,0083CA                15QBGWBBCB2                                                
 630000001019ACQUISTO TITOLIRIF:  RIF. CLI: ISIN: DES: DEPOSITO TITOLI:  TRADE DATE: QUANTIT`:                          
 620000001020030815030815D000000001000,0083CA                15QBHABBSPV                                                
 630000001020ACQUISTO TITOLIRIF:  RIF. CLI: ISIN: DES: DEPOSITO TITOLI:  TRADE DATE: QUANTIT`:                          
 620000001021030815030815D000000000002,00ZHCB                15QSHABBSWT                                                
 630000001021VENDITA TITOLIRIF:  RIF. CLI: ISIN: DES: DEPOSITO TITOLI:  TRADE DATE: QUANTIT`:                           
 620000001022030815030815C000000000002,00ZHCB                15QSHABBSWT                                                
 630000001022VENDITA TITOLIRIF:  RIF. CLI: ISIN: DES: DEPOSITO TITOLI:  TRADE DATE: QUANTIT`:                           
 620000001023030815030815C000000000010,00ZHCB                15QSHABBS20                                                
 630000001023VENDITA TITOLIRIF:  RIF. CLI: ISIN: DES: DEPOSITO TITOLI:  TRADE DATE: QUANTIT`:                           
 620000001024030815030815D000000000002,00ZHCB                15QSHABBS5F                                                
 630000001024VENDITA TITOLIRIF:  RIF. CLI: ISIN: DES: DEPOSITO TITOLI:  TRADE DATE: QUANTIT`:                           
 620000001025030815030815C000000000002,00ZHCB                15QSHABBTGH                                                
 630000001025VENDITA TITOLIRIF:  RIF. CLI: ISIN: DES: DEPOSITO TITOLI:  TRADE DATE: QUANTIT`:                           
 620000001026030815030815D000000000050,0083CA                15QBHABBSTW                                                
 630000001026ACQUISTO TITOLIRIF:  RIF. CLI: ISIN: DES: DEPOSITO TITOLI:  TRADE DATE: QUANTIT`:                          
 620000001027030815030815D000000000002,00ZHCB                15QSHABBTGH                                                
 630000001027VENDITA TITOLIRIF:  RIF. CLI: ISIN: DES: DEPOSITO TITOLI:  TRADE DATE: QUANTIT`:                           
 620000001028030815030815C000000002000,002636                test 590                                                   
 630000001028BONIFICO SEPA IN USCITA   EtE:TRN:BAN BEN: BEN: PROVA SGR                          te test giroc per cmr 59
 6300000010280                                                                                                          
 620000001029030815030815C000000000002,00ZHCB                15QSHABBS5F                                                
 630000001029VENDITA TITOLIRIF:  RIF. CLI: ISIN: DES: DEPOSITO TITOLI:  TRADE DATE: QUANTIT`:                           
 620000001030030815030815D000000001000,0083CA                15QBHABBSJS                                                
 630000001030ACQUISTO TITOLIRIF:  RIF. CLI: ISIN: DES: DEPOSITO TITOLI:  TRADE DATE: QUANTIT`:                          
 640000001EUR030815D000890185794,42                                                                                     
 EF03439613EF030815EC613EF150804114133       0000001                              0000065                               
 EC034398Y627030815EC8Y627150804114133                                                                                  
 610000001                  93003      BAGLEUR01 00O0343901600000000001627EUR010815C000008143066,81IT11                 
 620000001001030815030815D000000000002,0074X3                                                                           
 630000001001IMPOSTA DI BOLLO C/C AUTOMATICOADD. BOLLO: DATA INVIO E/C:                                                 
 640000001EUR030815C000008143064,81                                                                                     
 EF034398Y627030815EC8Y627150804114133       0000001                              0000006                               
