 RH03439AFFB0110815RHAFFB0150811162908                                                                                  
 610000001                  93001      BCP1EUR01 00X0343901600000000001949EUR110815C000140578786,19IT83                 
 640000001EUR110815C000140578786,19C000140578786,19                                                                     
 EF03439AFFB0110815RHAFFB0150811162908       0000001                              0000004                               
 RH03439AFGFJ110815RHAFGFJ150811162908                                                                                  
 610000001                  93001      BATYEUR01 00F0343901600000000009334EUR110815C006167477786,64IT48                 
 640000001EUR110815C006167477786,64C006167477786,64                                                                     
 610000002                  93001      BATYHKD01 00G0343901600000000009335HKD110815C000010011094,11IT25                 
 640000002HKD110815C000010011094,11C000010011094,11                                                                     
 610000003                  93001      BATYUSD03 00J0343901600000000009338USD110815D001928319746,03IT53                 
 640000003USD110815D001928319746,03D001928319746,03                                                                     
 EF03439AFGFJ110815RHAFGFJ150811162908       0000003                              0000008                               
 RH03439AL1K9110815RHAL1K9150811162908                                                                                  
 610000001                  93001      PRRFEUR01 00G0343901600000000009916EUR110815C000006170968,88IT52                 
 640000001EUR110815C000006170968,88C000006170968,88                                                                     
 610000002                  93001      PRRGEUR01 00I0343901600000000009918EUR110815C000013340777,34IT06                 
 640000002EUR110815C000013340777,34C000013340777,34                                                                     
 610000003                  93001      PRRHEUR01 00F0343901600000000009920EUR110815C000009990846,21IT37                 
 640000003EUR110815C000009990846,21C000009990846,21                                                                     
 610000004                  93001      PRRIEUR01 00H0343901600000000009922EUR110815C000014757271,23IT88                 
 640000004EUR110815C000014757271,23C000014757271,23                                                                     
 610000005                  93001      PRRJEUR01 00J0343901600000000009924EUR110815C000007840433,76IT42                 
 640000005EUR110815C000007840433,76C000007840433,76                                                                     
 610000006                  93001      PRRMEUR01 00E0343901600000000010115EUR110815C000000222861,52IT06                 
 640000006EUR110815C000000222861,52C000000222861,52                                                                     
 610000007                  93001      PRRNEUR01 00N0343901600000000010046EUR110815C000000539279,43IT62                 
 640000007EUR110815C000000539279,43C000000539279,43                                                                     
 610000008                  93001      PRRUEUR01 00P0343901600000000010048EUR110815C000009719960,23IT16                 
 640000008EUR110815C000009719960,23C000009719960,23                                                                     
 610000009                  93001      PRRVEUR01 00L0343901600000000010050EUR110815C000009946515,15IT43                 
 640000009EUR110815C000009946515,15C000009946515,15                                                                     
 610000010                  93001      PRRWEUR01 00O0343901600000000010053EUR110815C000010476142,59IT71                 
 640000010EUR110815C000010476142,59C000010476142,59                                                                     
 610000011                  93001      PRRZEUR01 00S0343901600000000010057EUR110815C000011547336,13IT76                 
 640000011EUR110815C000011547336,13C000011547336,13                                                                     
 610000012                  93001      V1RVEUR01 00G0343901600000000010117EUR110815C000008145474,28IT57                 
 640000012EUR110815C000008145474,28C000008145474,28                                                                     
 610000013                  93001   PRRFEURGST01 00H0343901600000000009917EUR110815C000000000000,00IT29                 
 640000013EUR110815C000000000000,00C000000000000,00                                                                     
 610000014                  93001   PRRGEURGST01 00J0343901600000000009919EUR110815C000000000000,00IT80                 
 640000014EUR110815C000000000000,00C000000000000,00                                                                     
 610000015                  93001   PRRHEURGST01 00G0343901600000000009921EUR110815C000000000000,00IT14                 
 640000015EUR110815C000000000000,00C000000000000,00                                                                     
 610000016                  93001   PRRIEURGST01 00I0343901600000000009923EUR110815C000000000000,00IT65                 
 640000016EUR110815C000000000000,00C000000000000,00                                                                     
 610000017                  93001   PRRJEURGST01 00K0343901600000000009925EUR110815C000000000000,00IT19                 
 640000017EUR110815C000000000000,00C000000000000,00                                                                     
 610000018                  93001   PRRMEURGST01 00F0343901600000000010116EUR110815C000000000000,00IT80                 
 640000018EUR110815C000000000000,00C000000000000,00                                                                     
 610000019                  93001   PRRNEURGST01 00O0343901600000000010047EUR110815C000000000000,00IT39                 
 640000019EUR110815C000000000000,00C000000000000,00                                                                     
 610000020                  93001   PRRUEURGST01 00Q0343901600000000010049EUR110815C000000000000,00IT90                 
 640000020EUR110815C000000000000,00C000000000000,00                                                                     
 610000021                  93001   PRRVEURGST01 00N0343901600000000010052EUR110815C000000000000,00IT94                 
 640000021EUR110815C000000000000,00C000000000000,00                                                                     
 610000022                  93001   PRRWEURGST01 00P0343901600000000010054EUR110815C000000000000,00IT48                 
 640000022EUR110815C000000000000,00C000000000000,00                                                                     
 610000023                  93001   PRRZEURAF101 00T0343901600000000010058EUR110815C000000000000,00IT53                 
 640000023EUR110815C000000000000,00C000000000000,00                                                                     
 610000024                  93001   PRRZEURAF201 00U0343901600000000010059EUR110815C000000000000,00IT30                 
 640000024EUR110815C000000000000,00C000000000000,00                                                                     
 610000025                  93001   PRRZEURAF301 00N0343901600000000010060EUR110815C000000000000,00IT72                 
 640000025EUR110815C000000000000,00C000000000000,00                                                                     
 610000026                  93001   PRRZEURAF401 00O0343901600000000010061EUR110815C000000000000,00IT49                 
 640000026EUR110815C000000000000,00C000000000000,00                                                                     
 610000027                  93001   PRRZEURAF501 00P0343901600000000010062EUR110815C000000000000,00IT26                 
 640000027EUR110815C000000000000,00C000000000000,00                                                                     
 610000028                  93001   PRRZEURTR101 00Q0343901600000000010063EUR110815C000000000000,00IT03                 
 640000028EUR110815C000000000000,00C000000000000,00                                                                     
 610000029                  93001   PRRZEURTR201 00R0343901600000000010064EUR110815C000000000000,00IT77                 
 640000029EUR110815C000000000000,00C000000000000,00                                                                     
 610000030                  93001   PRRZEURTR301 00S0343901600000000010065EUR110815C000000000000,00IT54                 
 640000030EUR110815C000000000000,00C000000000000,00                                                                     
 610000031                  93001   PRRZEURTR401 00T0343901600000000010066EUR110815C000000000000,00IT31                 
 640000031EUR110815C000000000000,00C000000000000,00                                                                     
 610000032                  93001   PRRZEURTR501 00U0343901600000000010067EUR110815C000000000000,00IT08                 
 640000032EUR110815C000000000000,00C000000000000,00                                                                     
 610000033                  93001   PRRZEURTR601 00V0343901600000000010068EUR110815C000000000000,00IT82                 
 640000033EUR110815C000000000000,00C000000000000,00                                                                     
 610000034                  93001   PRRZEURTR701 00W0343901600000000010069EUR110815C000000000000,00IT59                 
 640000034EUR110815C000000000000,00C000000000000,00                                                                     
 610000035                  93001   V1RVEURGST01 00H0343901600000000010118EUR110815C000000000000,00IT34                 
 640000035EUR110815C000000000000,00C000000000000,00                                                                     
 EF03439AL1K9110815RHAL1K9150811162908       0000035                              0000072                               
 RH03439AMCBW110815RHAMCBW150811162908                                                                                  
 610000001                  93001      AGRACHF01 00D0343901600000000004748CHF110815D000000242934,52IT90                 
 640000001CHF110815D000000242934,52D000000242934,52                                                                     
 610000002                  93001      AGRADKK01 00B0343901600000000004752DKK110815D000001420761,39IT71                 
 640000002DKK110815D000001420761,39D000001420761,39                                                                     
 610000003                  93001      AGRAEUR01 00P0343901600000000001636EUR110815C000362949869,62IT63                 
 640000003EUR110815C000362949869,62C000362949869,62                                                                     
 610000004                  93001      AGRAGBP01 00W0316301696000000001637GBP110815D000271429795,29IT89                 
 640000004GBP110815D000271429795,29D000271429795,29                                                                     
 610000005                  93001      AGRAUSD01 00Y0316301696000000001639USD110815C000190494589,56IT43                 
 640000005USD110815C000190494589,56C000190494589,56                                                                     
 610000006                  93001      AGRBEUR01 00R0316301696000000001640EUR110815C002219574165,96IT85                 
 640000006EUR110815C002219574165,96C002219574165,96                                                                     
 610000007                  93001      AGRBGBP01 00S0316301696000000001641GBP110815C000000367568,38IT62                 
 640000007GBP110815C000000367568,38C000000367568,38                                                                     
 610000008                  93001      AGRBJPY01 00A0343901600000000006608JPY110815C000000816013,30IT07                 
 640000008JPY110815C000000816013,30C000000816013,30                                                                     
 610000009                  93001      AGRBUSD01 00U0316301696000000001643USD110815C000000063795,70IT16                 
 640000009USD110815C000000063795,70C000000063795,70                                                                     
 610000010                  93001      TDGAEUR01 00I0316301696000000002110EUR110815C000008195405,93IT66                 
 620000010001110815110815D000000000002,0074X3                                                                           
 630000010001STAMP DUTY ON CASH ACCOUNTSADD. BOLLO: DailyDATA INVIO E/C: 11-08 -15                                      
 640000010EUR110815C000008195403,93C000008195403,93                                                                     
 650000010120815C000008195403,93130815C000008195403,93140815C000008195403,93170815C000008195403,93180815C000008195403,93
 610000011                  93001      TDGAGBP01 00N0316301696000000002115GBP110815C000000005182,79IT48                 
 640000011GBP110815C000000005182,79C000000005182,79                                                                     
 610000012                  93001      TDGAUSD01 00Q0316301696000000002123USD110815C000000000189,68IT38                 
 640000012USD110815C000000000189,68C000000000189,68                                                                     
 EF03439AMCBW110815RHAMCBW150811162908       0000012                              0000029                               
 RH03439AWKMU110815RHAWKMU150811162908                                                                                  
 610000001                  93001      MIA2DKK01 00U0343901600000000007303DKK110815D000000000223,73IT43                 
 640000001DKK110815D000000000223,73D000000000223,73                                                                     
 610000002                  93001      MIA2EUR01 00E0343901600000000001403EUR110815C000019598293,10IT05                 
 620000002001310715110815D000000000004,001667                CFP07150100024GT                                           
 630000002001RID FEESTRN: 15081100063Periodo dal 01.07.2015 al 31.07.2015Numer o di presentazioni considerate:        1 
 630000002001                                                                                                           
 620000002002310715110815D000000000072,001628                CFP07150100027GT                                           
 630000002002FEES ON SEPA PAYMENTSTRN: CFP07150100027GTPeriodo dal 01.07.2015 al 31.07.2015Numero di operazioni consider
 630000002002ate:          16                                                                                           
 620000002003310715110815D000000000050,001630                CFP07150100023GT                                           
 630000002003FEES ON SWIFT-IN-CUR/EUR EXTRA EUTRN: CFP07150100023GTPeriodo dal 01.07.2015 al 31.07.2015Numero di operazi
 630000002003oni considerate:  2                                                                                        
 640000002EUR110815C000019598167,10C000019598167,10                                                                     
 650000002120815C000019598167,10130815C000019598167,10140815C000019598167,10170815C000019598167,10180815C000019598167,10
 610000003                  93001      MIA2GBP01 00G0316301696000000001410GBP110815C000020324603,39IT43                 
 640000003GBP110815C000020324603,39C000020324603,39                                                                     
 610000004                  93001      MIA2JPY01 00T0343901600000000007302JPY110815D000000004106,70IT66                 
 640000004JPY110815D000000004106,70D000000004106,70                                                                     
 610000005                  93001      MIA2USD01 00I0316301696000000001412USD110815C000010988945,52IT94                 
 640000005USD110815C000010988945,52C000010988945,52                                                                     
 610000006                  93001   MIA2BRLBR101 00W0343901600000000007305BRL110815D000000000088,29IT94                 
 640000006BRL110815D000000000088,29D000000000088,29                                                                     
 610000007                  93001   MIA2COPCO101 00X0343901600000000007306COP110815D000000075120,18IT71                 
 640000007COP110815D000000075120,18D000000075120,18                                                                     
 610000008                  93001   MIA2KRWKR301 00V0343901600000000007304KRW110815D000000090098,10IT20                 
 640000008KRW110815D000000090098,10D000000090098,10                                                                     
 EF03439AWKMU110815RHAWKMU150811162908       0000008                              0000028                               
 RH03439BCZAV110815RHBCZAV150811162908                                                                                  
 610000001                  93001      BUA5EUR03 00A0343901600000000005337EUR110815C000140589422,83IT83                 
 640000001EUR110815C000140589422,83C000140589422,83                                                                     
 610000002                  93001      BUA5GBP01 00R0316301696000000001731GBP110815D000000000112,72IT53                 
 640000002GBP110815D000000000112,72D000000000112,72                                                                     
 610000003                  93001      BUA5SEK01 00F0343901600000000009915SEK110815C000000000000,00IT75                 
 640000003SEK110815C000000000000,00C000000000000,00                                                                     
 610000004                  93001      BUA5USD01 00X0316301696000000001737USD110815C000000000000,00IT12                 
 640000004USD110815C000000000000,00C000000000000,00                                                                     
 610000005                  93001      BUA6EUR01 00W0316301696000000001744EUR110815C000000000000,00IT13                 
 640000005EUR110815C000000000000,00C000000000000,00                                                                     
 610000006                  93001      BUA6GBP01 00W0316301696000000001750GBP110815C000000000000,00IT45                 
 640000006GBP110815C000000000000,00C000000000000,00                                                                     
 610000007                  93001      BUA6USD01 00C0316301696000000001756USD110815C000000000000,00IT94                 
 640000007USD110815C000000000000,00C000000000000,00                                                                     
 EF03439BCZAV110815RHBCZAV150811162908       0000007                              0000016                               
 RH034390E169110815RH0E169150811162908                                                                                  
 610000001                  93001      BCR1EUR01 00T0343901600000000001648EUR110815C000140073607,90IT46                 
 640000001EUR110815C000140073607,90C000140073607,90                                                                     
 610000002                  93001      BCR1GBP01 00Y0316301696000000001661GBP110815C000000000000,00IT31                 
 640000002GBP110815C000000000000,00C000000000000,00                                                                     
 610000003                  93001      BCR1USD01 00A0316301696000000001655USD110815D000000000813,75IT00                 
 640000003USD110815D000000000813,75D000000000813,75                                                                     
 610000004                  93001      ZILEGBP01 00O0316301696000000001530GBP110815C000000061246,72IT36                 
 640000004GBP110815C000000061246,72C000000061246,72                                                                     
 610000005                  93001      ZILEMXN01 00P0343901600000000004421MXN110815D000000048055,89IT43                 
 640000005MXN110815D000000048055,89D000000048055,89                                                                     
 610000006                  93001      ZILEUSD01 00U0316301696000000001528USD110815C000000075300,85IT17                 
 640000006USD110815C000000075300,85C000000075300,85                                                                     
 EF034390E169110815RH0E169150811162908       0000006                              0000014                               
 RH0343936394110815RH36394150811162908                                                                                  
 610000001                  93001      G1YGEUR01 00G0343901600000000010018EUR110815C000010000798,21IT14                 
 640000001EUR110815C000010000798,21C000010000798,21                                                                     
 610000002                  93001      G2YGEUR01 00F0343901600000000010022EUR110815C000000000000,00IT96                 
 640000002EUR110815C000000000000,00C000000000000,00                                                                     
 610000003                  93001      G3YGEUR01 00J0343901600000000010026EUR110815C000012022820,47IT04                 
 640000003EUR110815C000012022820,47C000012022820,47                                                                     
 610000004                  93001      G4YGCAD01 00C0343901600000000010113CAD110815C000010073117,45IT52                 
 640000004CAD110815C000010073117,45C000010073117,45                                                                     
 610000005                  93001      G4YGDKK01 00G0343901600000000010106DKK110815D000000003117,00IT63                 
 640000005DKK110815D000000003117,00D000000003117,00                                                                     
 610000006                  93001      G4YGEUR01 00K0343901600000000010027EUR110815D000008556367,42IT78                 
 640000006EUR110815D000008556367,42D000008556367,42                                                                     
 610000007                  93001      G4YGNOK01 00I0343901600000000010108NOK110815D000068153585,81IT17                 
 640000007NOK110815D000068153585,81D000068153585,81                                                                     
 610000008                  93001      G4YGPLN01 00H0343901600000000010107PLN110815C000010058490,10IT40                 
 640000008PLN110815C000010058490,10C000010058490,10                                                                     
 610000009                  93001      G4YGSGD01 00J0343901600000000010109SGD110815C000000014000,22IT91                 
 640000009SGD110815C000000014000,22C000000014000,22                                                                     
 610000010                  93001   G1YGEURAF101 00H0343901600000000010019EUR110815C000009998969,50IT88                 
 640000010EUR110815C000009998969,50C000009998969,50                                                                     
 610000011                  93001   G1YGEURAF301 00D0343901600000000010020EUR110815C000009992187,50IT45                 
 620000011001110815110815D000000000001,0074X3                                                                           
 630000011001STAMP DUTY ON CASH ACCOUNTSADD. BOLLO: DailyDATA INVIO E/C: 11-08 -15                                      
 640000011EUR110815C000009992186,50C000009992186,50                                                                     
 650000011120815C000009992186,50130815C000009992186,50140815C000009992186,50170815C000009992186,50180815C000009992186,50
 610000012                  93001   G1YGEURTR101 00E0343901600000000010021EUR110815C000010011686,52IT22                 
 640000012EUR110815C000010011686,52C000010011686,52                                                                     
 610000013                  93001   G2YGEURPRP01 00G0343901600000000010023EUR110815C000010178783,78IT73                 
 640000013EUR110815C000010178783,78C000010178783,78                                                                     
 610000014                  93001   G2YGEURTR101 00I0343901600000000010025EUR110815C000010010159,84IT27                 
 640000014EUR110815C000010010159,84C000010010159,84                                                                     
 610000015                  93001   G2YGEURWHT01 00H0343901600000000010024EUR110815C000010505753,74IT50                 
 640000015EUR110815C000010505753,74C000010505753,74                                                                     
 610000016                  93001   G2YGKRWKR301 00A0343901600000000010111KRW110815C000009999389,84IT01                 
 640000016KRW110815C000009999389,84C000009999389,84                                                                     
 610000017                  93001   G4YGKRWKR301 00Z0343901600000000010110KRW110815C000009999084,76IT31                 
 640000017KRW110815C000009999084,76C000009999084,76                                                                     
 EF0343936394110815RH36394150811162908       0000017                              0000039                               
 RH03439613D0110815RH613D0150811162908                                                                                  
 610000001                  93001      BDP3GBP01 00A0316301696000000002460GBP110815C000000153619,50IT90                 
 640000001GBP110815C000000153619,50C000000153619,50                                                                     
 610000002                  93001      BDP3USD01 00B0316301696000000002461USD110815C000000000000,00IT67                 
 640000002USD110815C000000000000,00C000000000000,00                                                                     
 610000003                  93001      GLE1AUD01 00I0343901600000000009808AUD110815C000000000004,00IT66                 
 640000003AUD110815C000000000004,00C000000000004,00                                                                     
 610000004                  93001      GLE1CAD01 00S0343901600000000008200CAD110815C000001004120,21IT66                 
 640000004CAD110815C000001004120,21C000001004120,21                                                                     
 610000005                  93001      GLE1EUR01 00C0343901600000000004357EUR110815C000008848350,15IT70                 
 620000005001110815110815D000000000070,007474                11082015R074                                               
 630000005001STAMP DUTIES ON CASH ACCOUNTSRIF.INT: 15081100070IMPOSTA DI BOLLO C/C 123456 RC074                         
 620000005002310715110815D000000000012,006659                CFP07150100002GT                                           
 630000005002FEES ON BOOKED TRANS.TRN: CFP07150100002GTPeriodo dal 01.07.2015 al 31.07.2015Numero di operazioni consider
 630000005002ate:          48                                                                                           
 620000005003110815110815D000000000015,00ZR25                testrc025                                                  
 630000005003PENALTIESRIF.INT: 15081100090penali per mancacato preavviso                                                
 620000005004110815110815C000000000010,006060                TESTRC060                                                  
 630000005004VALUE DATE ADJUSTMENTS                                                                                     
 620000005005110815110815D000000000050,006262                TESTRC062                                                  
 630000005005BALANCE TRANSFERTRN: 15081100080TRASFERIMENTO SALDO AL 11 08 15                                            
 620000005006050815110815C000000000100,006060                testrc0601                                                 
 630000005006VALUE DATE ADJUSTMENTS                                                                                     
 620000005007110815110815D000000000010,006060                TESTRC060                                                  
 630000005007VALUE DATE ADJUSTMENTS                                                                                     
 620000005008310715110815D000000000110,001632                CFP07150100010GT                                           
 630000005008CHEQUE ISSUANCE FEESTRN: CFP07150100010GTPeriodo dal 01.07.2015 a l 31.07.2015Numero di assegni considerati
 630000005008:          22                                                                                              
 620000005009110815110815D000000000100,006060                testrc601                                                  
 630000005009VALUE DATE ADJUSTMENTS                                                                                     
 620000005010110815110815D000000000000,509090                11082015R090                                               
 630000005010ROUNDINGSRIF.INT: 15081100068ARROTONDAMENTI RC090                                                          
 620000005011310715110815D000000000094,501628                CFP07150100005GT                                           
 630000005011FEES ON SEPA PAYMENTSTRN: CFP07150100005GTPeriodo dal 01.07.2015 al 31.07.2015Numero di operazioni consider
 630000005011ate:          21                                                                                           
 620000005012110815110815D000000000065,001212                11082015R012                                               
 630000005012TAX REIMBURSEMENT REVERSAL                                                                                 
 620000005013110815110815D000000000500,002665                11082015R065                                               
 630000005013CASH ACCOUNT CLOSUREMTRN: 15081100078ESTINZIONE CONTO 1213456 RC0 65                                       
 620000005014110815110815C000000000065,009999                11082015R099                                               
 630000005014CREDIT FOR TAX REIMBURSEMENT                                                                               
 620000005015110815110815D000000000100,005050                11082015R050                                               
 630000005015GENERIC PAYMENTSMTRN: 15081100047PAGAMENTI DIVERSI R050                                                    
 620000005016110815110815C000000010753,8614CD                M15223#BBBR001                                             
 630000005016CSD INCOMERIF: ISIN: DES: DEPOSITO TITOLI:  TASSO%: DIVISA: QUANT IT` :  CAMBIO: DATA STACCO CEDOLA:       
 620000005017310715110815D000000000018,001627                CFP07150100003GT                                           
 630000005017FEES ON SWIFT-OUT-EURTRN: CFP07150100003GTPeriodo dal 01.07.2015 al 31.07.2015Numero di operazioni consider
 630000005017ate:           4                                                                                           
 620000005018110815110815D000000000100,0083CA                15QBHGBBFRQ                                                
 630000005018ASD BUYRIF:  RIF. CLI: ISIN: DES: DEPOSITO TITOLI:  TRADE DATE: Q UANTIT`:                                 
 620000005019110815110815C000000015600,0099CG                M15223#BBBT001                                             
 630000005019ASD TAX RECLAIMRIF: ISIN: DES: DEPOSITO TITOLI:  DIVISA: DIVDENDO :  DATE DIV.: RECLM CODE:  QUOTE BATCH:  
 630000005019TRS FUND N:                                                                                                
 620000005020110815110815C000000013260,0084CH                M15223#BBBM001                                             
 630000005020CSD MATURITYRIF: ISIN: DES: DEPOSITO TITOLI:  DIVISA: QUANTIT` :                                           
 620000005021310715110815D000000000037,501624                CFP07150100004GT                                           
 630000005021FEES ON SWIFT-OUT CUR/EUR EXTRA EUTRN: CFP07150100004GTPeriodo da l 01.07.2015 al 31.07.2015Numero di opera
 630000005021zioni considerate: 1                                                                                       
 620000005022110815110815D000000000200,009698                11082015R098                                               
 630000005022MANUAL ADJUSTMENT                                                                                          
 620000005023110815110815D000000000052,006868                11082015R068                                               
 630000005023REVERSAL ENTRIES                                                                                           
 620000005024110815110815D000000000018,001818                TESTRC018                                                  
 630000005024INTEREST AND COMMISSIONS15081100094                                                                        
 620000005025110815110815D000000000100,006262                testrc0621                                                 
 630000005025BALANCE TRANSFERTRN: 15081100096rettifica richiesta dal cliente                                            
 620000005026110815110815D000000000001,0074X3                                                                           
 630000005026STAMP DUTY ON CASH ACCOUNTSADD. BOLLO: Daily on MovementDATA INVI O E/C: 11-08-15                          
 620000005027050815110815C000000000100,006262                testrc0621                                                 
 630000005027BALANCE TRANSFERTRN: 15081100097rettifica richiesta dal cliente                                            
 620000005028310715110815D000000000100,001656                CFP07150100001GT                                           
 630000005028ACCOUNT MAINTENANCE FEETRN: CFP07150100001GTPeriodo dal 01.07.201 5 al 31.07.2015                          
 640000005EUR110815C000008886485,51C000008886485,51                                                                     
 650000005120815C000008886485,51130815C000008886485,51140815C000008886485,51170815C000008886485,51180815C000008886485,51
 610000006                  93001      GLE1GBP01 00M0316301696000000002202GBP110815D000168155233,30IT23                 
 640000006GBP110815D000168155233,30D000168155233,30                                                                     
 610000007                  93001      GLE1MXN01 00M0343901600000000004501MXN110815C000010736331,39IT05                 
 640000007MXN110815C000010736331,39C000010736331,39                                                                     
 610000008                  93001      GLE1NOK01 00K0316301696000000003955NOK110815C000078219444,71IT20                 
 640000008NOK110815C000078219444,71C000078219444,71                                                                     
 610000009                  93001      GLE1NZD01 00L0343901600000000004500NZD110815C000009258420,10IT28                 
 640000009NZD110815C000009258420,10C000009258420,10                                                                     
 610000010                  93001      GLE1SEK01 00L0316301696000000003956SEK110815C000129477269,43IT94                 
 640000010SEK110815C000129477269,43C000129477269,43                                                                     
 610000011                  93001      GLE1USD01 00I0316301696000000000312USD110815C007553716133,60IT15                 
 620000011001310715110815D000000000139,701624                CFP07150100015GT                                           
 630000011001FEES ON SWIFT-OUT CUR/EUR EXTRA EUTRN: CFP07150100015GTPeriodo da l 01.07.2015 al 31.07.2015Numero di opera
 630000011001zioni considerate: 4                                                                                       
 620000011002310715110815D000000000001,101641                CFP07150100013GT                                           
 630000011002MAV FEESTRN: 15081100060Periodo dal 01.07.2015 al 31.07.2015Numer o di presentazioni consid rate:        2 
 630000011002                                                                                                           
 620000011003310715110815D000000000109,701621                CFP07150100012GT                                           
 630000011003FEES ON TRANSFER TO MULTIPLE BENEF.TRN: CFP07150100012GTPeriodo d al 01.07.2015 al 31.07.2015Numero distint
 630000011003e di pagamento: 10                                                                                         
 640000011USD110815C007553715883,10C007553715883,10                                                                     
 650000011120815C007553715883,10130815C007553715883,10140815C007553715883,10170815C007553715883,10180815C007553715883,10
 610000012                  93001      J144EUR01 00X0343901600000000004352EUR110815D000000003162,78IT95                 
 640000012EUR110815D000000003162,78D000000003162,78                                                                     
 610000013                  93001      MS01EUR01 00Z0343901600000000004354EUR110815C000090730205,21IT49                 
 640000013EUR110815C000090730205,21C000090730205,21                                                                     
 610000014                  93001      MS01GBP01 00K0316301696000000003476GBP110815C000000931666,64IT52                 
 640000014GBP110815C000000931666,64C000000931666,64                                                                     
 610000015                  93001      MS01JPY01 00L0316301696000000003477JPY110815D001200987668,70IT29                 
 640000015JPY110815D001200987668,70D001200987668,70                                                                     
 610000016                  93001      MS01USD01 00J0316301696000000003475USD110815D000033083700,80IT75                 
 640000016USD110815D000033083700,80D000033083700,80                                                                     
 610000017                  93001      MS02EUR01 00A0343901600000000004355EUR110815C000189671697,96IT19                 
 640000017EUR110815C000189671697,96C000189671697,96                                                                     
 610000018                  93001      MS02GBP01 00I0316301696000000003482GBP110815C000001367283,11IT76                 
 640000018GBP110815C000001367283,11C000001367283,11                                                                     
 610000019                  93001      MS02JPY01 00J0316301696000000003483JPY110815D000131108946,70IT53                 
 640000019JPY110815D000131108946,70D000131108946,70                                                                     
 610000020                  93001      MS02USD01 00H0316301696000000003481USD110815D000000153868,23IT02                 
 640000020USD110815D000000153868,23D000000153868,23                                                                     
 610000021                  93001      MS03EUR01 00B0343901600000000004356EUR110815C000292475904,89IT93                 
 640000021EUR110815C000292475904,89C000292475904,89                                                                     
 610000022                  93001      MS03GBP01 00O0316301696000000003488GBP110815C000253012434,31IT35                 
 640000022GBP110815C000253012434,31C000253012434,31                                                                     
 610000023                  93001      MS03JPY01 00P0316301696000000003489JPY110815D001399168666,00IT12                 
 640000023JPY110815D001399168666,00D001399168666,00                                                                     
 610000024                  93001      MS03USD01 00N0316301696000000003487USD110815C000043413000,47IT58                 
 640000024USD110815C000043413000,47C000043413000,47                                                                     
 610000025                  93001   GLE1BHDBH101 00D0343901600000000011203BHD110815C000000000000,00IT17                 
 640000025BHD110815C000000000000,00C000000000000,00                                                                     
 610000026                  93001   GLE1BRLBR101 00L0316301696000000000700BRL110815D000000584076,12IT27                 
 640000026BRL110815D000000584076,12D000000584076,12                                                                     
 610000027                  93001   GLE1TNDTN101 00E0343901600000000011204TND110815C000000000000,00IT91                 
 640000027TND110815C000000000000,00C000000000000,00                                                                     
 610000028                  93001   MS01KRWKR301 00M0316301696000000003478KRW110815C000298879543,47IT06                 
 640000028KRW110815C000298879543,47C000298879543,47                                                                     
 610000029                  93001   MS02KRWKR301 00K0316301696000000003484KRW110815C000010779963,90IT30                 
 640000029KRW110815C000010779963,90C000010779963,90                                                                     
 610000030                  93001   MS03KRWKR301 00J0316301696000000003491KRW110815C000000000000,00IT31                 
 640000030KRW110815C000000000000,00C000000000000,00                                                                     
 EF03439613D0110815RH613D0150811162908       0000030                              0000135                               
 RH03439613D5110815RH613D5150811162908                                                                                  
 610000001                  93001      GLE5EUR01 00O0316301696000000000516EUR110815C000000661757,10IT60                 
 620000001001010715110815D000000000260,005050                15GAKBBBBM0FTD                                             
 630000001001GENERIC PAYMENTSMTRN: 15070100206IT60O0316301696000000000516 IT60O0316301696000000000516                   
 620000001002010715110815C000000000260,005050                15GAKBBBBM0FTD                                             
 630000001002GENERIC PAYMENTSMTRN: 15070100206IT60O0316301696000000000516 IT60O0316301696000000000516                   
 620000001003260615110815C000000005000,004838                150626043231GT                                             
 630000001003INBOUND SEPA CREDIT TRF   EtE:NOTPROVIDEDTRN: 15062600054BAN ORD: DEUTDEFFXXX DEUTSCHE BANK AG             
 630000001003       ORD: DI NARDO                                                                                       
 620000001004250615110815C000000005000,004838                150625060537GT                                             
 630000001004INBOUND SEPA CREDIT TRF   EtE:NOTPROVIDEDTRN: 15062500056BAN ORD: DEUTDEFFXXX DEUTSCHE BANK AG             
 630000001004       ORD: DI NARDO                                                                                       
 620000001005010715110815D000000000300,005050                15GAKBBBBRCFTD                                             
 630000001005GENERIC PAYMENTSMTRN: 15070100208IT60O0316301696000000000516 IT60O0316301696000000000516                   
 620000001006010715110815C000000000300,005050                15GAKBBBBRCFTD                                             
 630000001006GENERIC PAYMENTSMTRN: 15070100208IT60O0316301696000000000516 IT60O0316301696000000000516                   
 640000001EUR110815C000000671757,10C000000671757,10                                                                     
 650000001120815C000000671757,10130815C000000671757,10140815C000000671757,10170815C000000671757,10180815C000000671757,10
 610000002                  93001      GLE5GBP01 00P0316301696000000000517GBP110815D000000008947,47IT37                 
 640000002GBP110815D000000008947,47D000000008947,47                                                                     
 610000003                  93001      GLE5JPY01 00Q0316301696000000000518JPY110815D000013724364,72IT14                 
 640000003JPY110815D000013724364,72D000013724364,72                                                                     
 610000004                  93001      GLE5USD01 00R0316301696000000000519USD110815C000000049995,98IT88                 
 640000004USD110815C000000049995,98C000000049995,98                                                                     
 EF03439613D5110815RH613D5150811162908       0000004                              0000025                               
 RH03439613EE110815RH613EE150811162908                                                                                  
 610000001                  93001      GLE2AUD01 00Z0316301696000000002809AUD110815C000013653473,11IT79                 
 640000001AUD110815C000013653473,11C000013653473,11                                                                     
 610000002                  93001      GLE2CAD01 00S0343901600000000004408CAD110815C000000453433,79IT18                 
 640000002CAD110815C000000453433,79C000000453433,79                                                                     
 610000003                  93001      GLE2CHF01 00Y0343901600000000007430CHF110815C000000697063,79IT25                 
 640000003CHF110815C000000697063,79C000000697063,79                                                                     
 610000004                  93001      GLE2EUR01 00D0343901600000000004358EUR110815C001683404876,13IT47                 
 620000004001110815110815C000000000200,009698                11082015R098                                               
 630000004001MANUAL ADJUSTMENT                                                                                          
 620000004002110815110815C000000000000,509090                11082015R090                                               
 630000004002ROUNDINGSRIF.INT: 15081100069ARROTONDAMENTI RC090                                                          
 620000004003110815110815C000000000065,001212                11082015R012                                               
 630000004003TAX REIMBURSEMENT REVERSAL                                                                                 
 620000004004110815110815C000000000100,005050                11082015R050                                               
 630000004004GENERIC PAYMENTSMTRN: 15081100048PAGAMENTI DIVERSI RC050                                                   
 620000004005110815110815D000000000065,009999                11082015R099                                               
 630000004005CREDIT FOR TAX REIMBURSEMENT                                                                               
 620000004006110815110815C000000000050,006262                TESTRC062                                                  
 630000004006BALANCE TRANSFERTRN: 15081100081TRASFERIMENTO SALDO AL 11 08 15                                            
 620000004007110815110815D000000000183,00ZLTN                15HGKBBBBK9                                                
 630000004007CLEAN CASH DISBURSEMENTRIF: 15081100086 RIF. CLI: 50811062033053G TBAN BEN: UNCRITMMXXX   UNICREDIT S.P.A. 
 630000004007                   02008 01621BEN: UNICREDIT S.P.A.                   /BNF/PAGAMENTO VESTI TO DA SERA FATT/
 630000004007/URA N. 1205                                                                                               
 620000004008110815110815C000000000500,002665                11082015R065                                               
 630000004008CASH ACCOUNT CLOSUREMTRN: 15081100079ESTINZIONE CONTO 123456 RC06 5                                        
 620000004009110815110815D000000000133,00ZL02                15HGKBBBBLCFTA                                             
 630000004009SWIFT CREDIT TRANSFER OUTTRN: 15081100088 RIF. ORIG.: 50811064851 054GTBAN BEN: UNCRITM1221   UNICREDIT SPA
 630000004009                       B EN: ROBERTO CAVALLI                    NUOVO INSERIMENTO TRANSAZI ONE             
 620000004010110815110815C000000000018,001818                TESTRC018                                                  
 630000004010INTEREST AND COMMISSIONS15081100095                                                                        
 620000004011110815110815D000000000180,002636                15HGKBBBBLDFTA                                             
 630000004011OUTBOUND SEPA CREDIT TRF  EtE:NOTPROVIDEDTRN:15081100087BAN BEN: UNCRITM1221   UNICREDIT SPA               
 630000004011        0200801621BEN: ROBERTO CAVALLI                    NUOVO ACQUISTO ALLA BOUTIQUE D II ROBERTO CAVALLI
 630000004011                                                                                                           
 620000004012110815110815C000000000015,00ZR25                testrc025                                                  
 630000004012PENALTIESRIF.INT: 15081100091penali per mancato preavviso                                                  
 620000004013110815110815C000000000052,006868                11082015R068                                               
 630000004013REVERSAL ENTRIES                                                                                           
 620000004014110815110815C000000000070,007474                11082015R074                                               
 630000004014STAMP DUTIES ON CASH ACCOUNTSRIF.INT: 15081100071IMPOSTA DI BOLLO C/C 123456 RC074                         
 640000004EUR110815C001683405385,63C001683405385,63                                                                     
 650000004120815C001683405385,63130815C001683405385,63140815C001683405385,63170815C001683405385,63180815C001683405385,63
 610000005                  93001      GLE2GBP01 00S0316301696000000000509GBP110815C000002122598,86IT71                 
 640000005GBP110815C000002122598,86C000002122598,86                                                                     
 610000006                  93001      GLE2JPY01 00I0316301696000000000510JPY110815D043942204291,59IT04                 
 640000006JPY110815D043942204291,59D043942204291,59                                                                     
 610000007                  93001      GLE2MXN01 00O0343901600000000004503MXN110815D000010920735,73IT56                 
 640000007MXN110815D000010920735,73D000010920735,73                                                                     
 610000008                  93001      GLE2NZD01 00N0343901600000000004502NZD110815D000000000031,88IT79                 
 640000008NZD110815D000000000031,88D000000000031,88                                                                     
 610000009                  93001      GLE2USD01 00R0316301696000000000508USD110815C000000281557,45IT94                 
 640000009USD110815C000000281557,45C000000281557,45                                                                     
 610000010                  93001      ZLIAGBP01 00L0316301696000000001503GBP110815C000015844668,21IT74                 
 640000010GBP110815C000015844668,21C000015844668,21                                                                     
 610000011                  93001      ZLIAJPY01 00M0316301696000000001504JPY110815C002440586938,28IT51                 
 640000011JPY110815C002440586938,28C002440586938,28                                                                     
 610000012                  93001      ZLIAUSD01 00N0316301696000000001505USD110815C000000541139,61IT28                 
 640000012USD110815C000000541139,61C000000541139,61                                                                     
 610000013                  93001      ZLIEEUR01 00M0316301696000000001515EUR110815C000008005982,53IT45                 
 640000013EUR110815C000008005982,53C000008005982,59                                                                     
 610000014                  93001      ZLIEGBP01 00O0316301696000000001517GBP110815C000000770762,90IT96                 
 640000014GBP110815C000000770762,90C000000770762,90                                                                     
 610000015                  93001      ZLIEUSD01 00N0316301696000000001516USD110815C000000780973,85IT22                 
 640000015USD110815C000000780973,85C000000780973,85                                                                     
 610000016                  93001   GLE2BRLBR101 00E0316301696000000000110BRL110815C000000802749,66IT21                 
 640000016BRL110815C000000802749,66C000000802749,66                                                                     
 610000017                  93001   GLE2RUBRU401 00U0343901600000000006602RUB110815D000000001446,12IT55                 
 640000017RUB110815D000000001446,12D000000001446,12                                                                     
 EF03439613EE110815RH613EE150811162908       0000017                              0000070                               
 RH03439613EF110815RH613EF150811162908                                                                                  
 610000001                  93001      GLE4CAD01 00X0343901600000000004940CAD110815C000000112883,63IT30                 
 640000001CAD110815C000000112883,63C000000112883,63                                                                     
 610000002                  93001      GLE4EUR01 00N0316301696000000000515EUR110815D000890425794,42IT83                 
 640000002EUR110815D000890425794,42D000890425794,42                                                                     
 610000003                  93001      GLE4GBP01 00L0316301696000000000513GBP110815C000000000076,54IT32                 
 640000003GBP110815C000000000076,54C000000000076,54                                                                     
 610000004                  93001      GLE4JPY01 00M0316301696000000000514JPY110815D000000003098,70IT09                 
 640000004JPY110815D000000003098,70D000000003098,70                                                                     
 610000005                  93001      GLE4USD01 00K0316301696000000000512USD110815D000002987673,60IT55                 
 640000005USD110815D000002987673,60D000002987673,60                                                                     
 610000006                  93001   GLE1KRWKR303 00O0343901600000000004404KRW110815C000250619305,32IT13                 
 620000006001110815110815D000000015000,0096TI                151EHGBB9S7                                                
 630000006001MDEBTRN: 15081100105                                                                                       
 620000006002110815110815D000000030000,0018UN                151EHGBB8S7                                                
 630000006002DEBIT BANK INTERSTRIF: 151EHGBB8S7                                                                         
 620000006003110815110815D000000020000,0096TI                151EHGBCBFK                                                
 630000006003MDEBTRN: 15081100106                                                                                       
 640000006KRW110815C000250554305,32C000250554305,32                                                                     
 650000006120815C000250554305,32130815C000250554305,32140815C000250554305,32170815C000250554305,32180815C000250554305,32
 EF03439613EF110815RH613EF150811162908       0000006                              0000021                               
 RH0343970570110815RH70570150811162908                                                                                  
 610000001                  93001      BDP1EUR01 00E0343901600000000001700EUR110815C000050583498,06IT37                 
 640000001EUR110815C000050583498,06C000050583498,06                                                                     
 610000002                  93001      BDP1GBP01 00G0316301696000000002458GBP110815D000004915645,71IT71                 
 640000002GBP110815D000004915645,71D000004915645,71                                                                     
 610000003                  93001      BDP1USD01 00H0316301696000000002459USD110815C000002012379,83IT48                 
 640000003USD110815C000002012379,83C000002012379,83                                                                     
 610000004                  93001      GL00CHF01 00J0343901600000000004966CHF110815C000004991602,49IT48                 
 640000004CHF110815C000004991602,49C000004991602,49                                                                     
 610000005                  93001      GL00EUR01 00P0343901600000000004603EUR110815C000004760537,30IT76                 
 640000005EUR110815C000004760537,30C000004760537,30                                                                     
 610000006                  93001      GL00GBP01 00R0343901600000000004605GBP110815C000005010830,24IT30                 
 640000006GBP110815C000005010830,24C000005010830,24                                                                     
 610000007                  93001      GL00JPY01 00S0343901600000000004606JPY110815C000004997511,28IT07                 
 640000007JPY110815C000004997511,28C000004997511,28                                                                     
 610000008                  93001      GL00NOK01 00C0343901600000000004654NOK110815C000006557966,39IT05                 
 640000008NOK110815C000006557966,39C000006557966,39                                                                     
 610000009                  93001      GL00USD01 00Q0343901600000000004604USD110815C000005026554,46IT53                 
 640000009USD110815C000005026554,46C000005026554,46                                                                     
 610000010                  93001      GL01CHF01 00K0343901600000000004967CHF110815C000004991578,37IT25                 
 640000010CHF110815C000004991578,37C000004991578,37                                                                     
 610000011                  93001      GL01EUR01 00U0343901600000000004608EUR110815C000154144522,98IT58                 
 620000011001110815110815D000000000001,0074X3                                                                           
 630000011001STAMP DUTY ON CASH ACCOUNTSADD. BOLLO: DailyDATA INVIO E/C: 11-08 -15                                      
 640000011EUR110815C000154144521,98C000154144521,98                                                                     
 650000011120815C000154144521,98130815C000154144521,98140815C000154144521,98170815C000154144521,98180815C000154144521,98
 610000012                  93001      GL01GBP01 00L0343901600000000004610GBP110815C000004609480,99IT65                 
 640000012GBP110815C000004609480,99C000004609480,99                                                                     
 610000013                  93001      GL01JPY01 00M0343901600000000004611JPY110815C000004993403,58IT42                 
 640000013JPY110815C000004993403,58C000004993403,58                                                                     
 610000014                  93001      GL01NOK01 00L0343901600000000004968NOK110815C000005051473,13IT02                 
 640000014NOK110815C000005051473,13C000005051473,13                                                                     
 610000015                  93001      GL01PLN01 00P0343901600000000004812PLN110815C000007138647,76IT59                 
 640000015PLN110815C000007138647,76C000007138647,76                                                                     
 610000016                  93001      GL01USD01 00V0343901600000000004609USD110815C000010364894,34IT35                 
 640000016USD110815C000010364894,34C000010364894,34                                                                     
 610000017                  93001      GL02CHF01 00M0343901600000000004969CHF110815C000004991602,49IT76                 
 640000017CHF110815C000004991602,49C000004991602,49                                                                     
 610000018                  93001      GL02EUR01 00O0343901600000000004613EUR110815C000004886125,02IT93                 
 640000018EUR110815C000004886125,02C000004886125,02                                                                     
 610000019                  93001      GL02GBP01 00Q0343901600000000004615GBP110815C000005010893,08IT47                 
 640000019GBP110815C000005010893,08C000005010893,08                                                                     
 610000020                  93001      GL02JPY01 00R0343901600000000004616JPY110815C000004997511,28IT24                 
 640000020JPY110815C000004997511,28C000004997511,28                                                                     
 610000021                  93001      GL02NOK01 00F0343901600000000004970NOK110815C000005051718,51IT21                 
 640000021NOK110815C000005051718,51C000005051718,51                                                                     
 610000022                  93001      GL02USD01 00P0343901600000000004614USD110815C000006035018,07IT70                 
 640000022USD110815C000006035018,07C000006035018,07                                                                     
 610000023                  93001      GL03CHF01 00G0343901600000000004971CHF110815C000004992161,45IT95                 
 640000023CHF110815C000004992161,45C000004992161,45                                                                     
 610000024                  93001      GL03EUR01 00T0343901600000000004618EUR110815C000223808193,47IT75                 
 640000024EUR110815C000223808193,47C000223808193,47                                                                     
 610000025                  93001      GL03GBP01 00Q0343901600000000004620GBP110815C000005016323,46IT09                 
 640000025GBP110815C000005016323,46C000005016323,46                                                                     
 610000026                  93001      GL03JPY01 00R0343901600000000004621JPY110815C000004998608,28IT83                 
 640000026JPY110815C000004998608,28C000004998608,28                                                                     
 610000027                  93001      GL03NOK01 00H0343901600000000004972NOK110815C000005068376,64IT72                 
 640000027NOK110815C000005068376,64C000005068376,64                                                                     
 610000028                  93001      GL03USD01 00U0343901600000000004619USD110815C000005037623,95IT52                 
 640000028USD110815C000005037623,95C000005037623,95                                                                     
 610000029                  93001      GL04CHF01 00I0343901600000000004973CHF110815C000004992161,45IT49                 
 640000029CHF110815C000004992161,45C000004992161,45                                                                     
 610000030                  93001      GL04EUR01 00T0343901600000000004623EUR110815C000028434124,14IT37                 
 640000030EUR110815C000028434124,14C000028434124,14                                                                     
 610000031                  93001      GL04GBP01 00V0343901600000000004625GBP110815C000005016323,46IT88                 
 640000031GBP110815C000005016323,46C000005016323,46                                                                     
 610000032                  93001      GL04JPY01 00W0343901600000000004626JPY110815C000004998608,28IT65                 
 640000032JPY110815C000004998608,28C000004998608,28                                                                     
 610000033                  93001      GL04NOK01 00J0343901600000000004974NOK110815C000005068376,64IT26                 
 640000033NOK110815C000005068376,64C000005068376,64                                                                     
 610000034                  93001      GL04USD01 00U0343901600000000004624USD110815C000005037623,95IT14                 
 640000034USD110815C000005037623,95C000005037623,95                                                                     
 610000035                  93001      GL07CHF01 00D0343901600000000004655CHF110815C000005991887,66IT79                 
 640000035CHF110815C000005991887,66C000005991887,66                                                                     
 610000036                  93001      GL07EUR01 00A0343901600000000004638EUR110815C000002580427,48IT41                 
 640000036EUR110815C000002580427,48C000002580427,48                                                                     
 610000037                  93001      GL07GBP01 00U0343901600000000004640GBP110815C000005010869,22IT67                 
 640000037GBP110815C000005010869,22C000005010869,22                                                                     
 610000038                  93001      GL07JPY01 00V0343901600000000004641JPY110815C000004993403,58IT44                 
 640000038JPY110815C000004993403,58C000004993403,58                                                                     
 610000039                  93001      GL07NOK01 00O0343901600000000004979NOK110815C000005051554,92IT08                 
 640000039NOK110815C000005051554,92C000005051554,92                                                                     
 610000040                  93001      GL07USD01 00B0343901600000000004639USD110815C000005027010,69IT18                 
 640000040USD110815C000005027010,69C000005027010,69                                                                     
 610000041                  93001      GL08CHF01 00H0343901600000000004980CHF110815C000004991602,49IT50                 
 640000041CHF110815C000004991602,49C000004991602,49                                                                     
 610000042                  93001      GL08EUR01 00X0343901600000000004643EUR110815C000000000000,00IT95                 
 640000042EUR110815C000000000000,00C000000000000,00                                                                     
 610000043                  93001      GL08GBP01 00Z0343901600000000004645GBP110815C000007683640,60IT49                 
 640000043GBP110815C000007683640,60C000007683640,60                                                                     
 610000044                  93001      GL08JPY01 00A0343901600000000004646JPY110815C000004997511,28IT19                 
 640000044JPY110815C000004997511,28C000004997511,28                                                                     
 610000045                  93001      GL08NOK01 00I0343901600000000004981NOK110815C000005051718,51IT27                 
 640000045NOK110815C000005051718,51C000005051718,51                                                                     
 610000046                  93001      GL08USD01 00Y0343901600000000004644USD110815C000000000000,00IT72                 
 640000046USD110815C000000000000,00C000000000000,00                                                                     
 610000047                  93001      GL09CHF01 00J0343901600000000004982CHF110815C000004991566,32IT04                 
 640000047CHF110815C000004991566,32C000004991566,32                                                                     
 610000048                  93001      GL09EUR01 00C0343901600000000004648EUR110815C000004912248,17IT70                 
 640000048EUR110815C000004912248,17C000004912248,17                                                                     
 610000049                  93001      GL09GBP01 00Y0343901600000000004650GBP110815C000005010869,22IT07                 
 640000049GBP110815C000005010869,22C000005010869,22                                                                     
 610000050                  93001      GL09JPY01 00Z0343901600000000004651JPY110815C000004993403,58IT81                 
 640000050JPY110815C000004993403,58C000004993403,58                                                                     
 610000051                  93001      GL09NOK01 00K0343901600000000004983NOK110815C000005051554,92IT78                 
 640000051NOK110815C000005051554,92C000005051554,92                                                                     
 610000052                  93001      GL09USD01 00D0343901600000000004649USD110815C000005027010,69IT47                 
 640000052USD110815C000005027010,69C000005027010,69                                                                     
 610000053                  93001   GL01KRWKR301 00N0343901600000000004612KRW110815D000001023466,71IT19                 
 640000053KRW110815D000001023466,71D000001023466,71                                                                     
 EF0343970570110815RH70570150811162908       0000053                              0000111                               
 RH034398Y627110815RH8Y627150811162908                                                                                  
 610000001                  93001      BAGLCHF01 00C0343901600000000004753CHF110815D000000100802,80IT48                 
 640000001CHF110815D000000100802,80D000000100802,80                                                                     
 610000002                  93001      BAGLDKK01 00D0343901600000000004754DKK110815D000000154912,80IT25                 
 640000002DKK110815D000000154912,80D000000154912,80                                                                     
 610000003                  93001      BAGLEUR01 00O0343901600000000001627EUR110815C000008142932,81IT11                 
 640000003EUR110815C000008142932,81C000008142932,81                                                                     
 610000004                  93001      BAGLGBP01 00V0316301696000000001628GBP110815C000000007433,89IT37                 
 640000004GBP110815C000000007433,89C000000007433,89                                                                     
 610000005                  93001      BAGLJPY01 00P0343901600000000006410JPY110815D000000004206,70IT78                 
 640000005JPY110815D000000004206,70D000000004206,70                                                                     
 610000006                  93001      BAGLUSD01 00Q0316301696000000001631USD110815C000001936675,25IT33                 
 640000006USD110815C000001936675,25C000001936675,25                                                                     
 610000007                  93001      BAGMEUR01 00L0343901600000000001632EUR110815C000140648161,43IT58                 
 640000007EUR110815C000140648161,43C000140648161,43                                                                     
 610000008                  93001      BAGMGBP01 00S0316301696000000001633GBP110815D000000000023,87IT84                 
 640000008GBP110815D000000000023,87D000000000023,87                                                                     
 610000009                  93001      BAGMUSD01 00U0316301696000000001635USD110815D000000002067,19IT38                 
 640000009USD110815D000000002067,19D000000002067,19                                                                     
 610000010                  93001   BAGLCNYCN901 00S0343901600000000006600CNY110815D000000000239,89IT04                 
 640000010CNY110815D000000000239,89D000000000239,89                                                                     
 610000011                  93001   BAGLRUBRU401 00T0343901600000000006601RUB110815C000010102119,71IT78                 
 640000011RUB110815C000010102119,71C000010102119,71                                                                     
 EF034398Y627110815RH8Y627150811162908       0000011                              0000024                               
 RH0343984627110815RH84627150811162908                                                                                  
 610000001                  93001      BDP2EUR01 00W0316301696000000002129EUR110815D000000000004,50IT94                 
 640000001EUR110815D000000000004,50D000000000004,50                                                                     
 610000002                  93001      GL05CHF01 00K0343901600000000004975CHF110815C000004991602,49IT03                 
 640000002CHF110815C000004991602,49C000004991602,49                                                                     
 610000003                  93001      GL05EUR01 00Y0343901600000000004628EUR110815C000004564204,57IT19                 
 640000003EUR110815C000004564204,57C000004564204,57                                                                     
 610000004                  93001      GL05GBP01 00S0343901600000000004630GBP110815C000005010893,08IT38                 
 640000004GBP110815C000005010893,08C000005010893,08                                                                     
 610000005                  93001      GL05JPY01 00T0343901600000000004631JPY110815C000004997511,28IT15                 
 640000005JPY110815C000004997511,28C000004997511,28                                                                     
 610000006                  93001      GL05NOK01 00L0343901600000000004976NOK110815C000005051718,51IT77                 
 640000006NOK110815C000005051718,51C000005051718,51                                                                     
 610000007                  93001      GL05USD01 00Z0343901600000000004629USD110815C000001310242,13IT93                 
 640000007USD110815C000001310242,13C000001310242,13                                                                     
 610000008                  93001      GL06CHF01 00M0343901600000000004977CHF110815C000004991602,49IT54                 
 640000008CHF110815C000004991602,49C000004991602,49                                                                     
 610000009                  93001      GL06EUR01 00V0343901600000000004633EUR110815C000003100211,79IT66                 
 640000009EUR110815C000003100211,79C000003100211,79                                                                     
 610000010                  93001      GL06GBP01 00X0343901600000000004635GBP110815C000005010893,08IT20                 
 640000010GBP110815C000005010893,08C000005010893,08                                                                     
 610000011                  93001      GL06JPY01 00Y0343901600000000004636JPY110815C000004997511,28IT94                 
 640000011JPY110815C000004997511,28C000004997511,28                                                                     
 610000012                  93001      GL06NOK01 00N0343901600000000004978NOK110815C000005051718,51IT31                 
 640000012NOK110815C000005051718,51C000005051718,51                                                                     
 610000013                  93001      GL06USD01 00W0343901600000000004634USD110815C000005027049,94IT43                 
 640000013USD110815C000005027049,94C000005027049,94                                                                     
 EF0343984627110815RH84627150811162908       0000013                              0000028                               
