 RH1427090123300881NameNameNameNameName                                                                                 
 610000001             8427093011descriptiondescrTYC8427005036010101010101EUR300715C123412341234567IT01                 
 62Movemen012300881100815n012300881100815n012300881100815n012300881100815n012300881100815n012300881100815n01230088121222
 63MovementInfoMovementInf01230088121222ovementInfoMovementInfoMovementInfoMovementInfoMovementInfoMovementInfoMovementI
 63MovementInfoMovementInfoMovementInfoMovementInfoMovementInfoMovementInfoMovementInfoMovementInfoMovementInfoMovementI
 62Movemen012300881100815n012300881100815n012300881100815n012300881100815n012300881100815n012300881100815n01230088121222
 62Movemen012300881100815n012300881100815n012300881100815n012300881100815n012300881100815n012300881100815n01230088121222
 64ClosingBalanceClosingBalanceClosingBalanceClosingBalanceClosingBalanceClosingBalanceClosingBalanceClosingBalanceClosi
 65Expected cash on handExpected cash on handExpected cash on handExpected cash on handExpected cash on handExpected cas
 EF8427090123300881NameNameNameNameName      0000008                              0000010                               
 RH2427090123300881NameNameNameNameName                                                                                 
 610000001             8427093001descriptiondescrTYC8427005036010101010101EUR300715C123412341234567IT01                 
 62Movemen012300881100815n012300881100815n012300881100815n012300881100815n012300881100815n012300881100815n01230088121222
 63MovementInfoMovementInfoMovementInfoMovementInfoMovementInfoMovementInfoMovementInfoMovementInfoMovementInfoMovementI
 63MovementInfoMovementInfoMovementInfoMovementInfoMovementInfoMovementInfoMovementInfoMovementInfoMovementInfoMovementI
 62Movemen012300881100815n012300881100815n012300881100815n012300881100815n012300881100815n012300881100815n01230088121222
 62Movemen012300881100815n012300881100815n012300881100815n012300881100815n012300881100815n012300881100815n01230088121222
 64ClosingBalanceClosingBalanceClosingBalanceClosingBalanceClosingBalanceClosingBalanceClosingBalanceClosingBalanceClosi
 65Expected cash on handExpected cash on handExpected cash on handExpected cash on handExpected cash on handExpected cas
 EF8427090123300881NameNameNameNameName      0000008                              0000010                               
 RH1427090123300881NameNameNameNameName                                                                                 
 610000001             8427093001descriptiondescrTYC8427005036010101010101EUR300715C123412341234567IT01                 
 62Movemen012300881100815n012300881100815n012300881100815n012300881100815n012300881100815n012300881100815n01230088121222
 63MovementInfoMovementInfoMovementInfoMovementInfoMovementInfoMovementInfoMovementInfoMovementInfoMovementInfoMovementI
 63MovementInfoMovementInfoMovementInfoMovementInfoMovementInfoMovementInfoMovementInfoMovementInfoMovementInfoMovementI
 62Movemen012300881100815n012300881100815n012300881100815n012300881100815n012300881100815n012300881100815n01230088121222
 62Movemen012300881100815n012300881100815n012300881100815n012300881100815n012300881100815n012300881100815n01230088121222
 64ClosingBalanceClosingBalanceClosingBalanceClosingBalanceClosingBalanceClosingBalanceClosingBalanceClosingBalanceClosi
 65Expected cash on handExpected cash on handExpected cash on handExpected cash on handExpected cash on handExpected cas
 EF8427090123300881NameNameNameNameName      0000008                              0000010                               
 RH2427090123300881NameNameNameNameName                                                                                 
 610000001             8427093001descriptiondescrTYC8427005036010101010101EUR300715C123412341234567IT01                 
 62Movemen012300881100815n012300881100815n012300881100815n012300881100815n012300881100815n012300881100815n01230088121222
 63MovementInfoMovementInfoMovementInfoMovementInfoMovementInfoMovementInfoMovementInfoMovementInfoMovementInfoMovementI
 63MovementInfoMovementInfoMovementInfoMovementInfoMovementInfoMovementInfoMovementInfoMovementInfoMovementInfoMovementI
 62Movemen012300881100815n012300881100815n012300881100815n012300881100815n012300881100815n012300881100815n01230088121222
 62Movemen012300881100815n012300881100815n012300881100815n012300881100815n012300881100815n012300881100815n01230088121222
 64ClosingBalanceClosingBalanceClosingBalanceClosingBalanceClosingBalanceClosingBalanceClosingBalanceClosingBalanceClosi
 65Expected cash on handExpected cash on handExpected cash on handExpected cash on handExpected cash on handExpected cas
 EF8427090123300881NameNameNameNameName      0000008                              0000010                               
 RH1427090123300881NameNameNameNameName                                                                                 
 610000001             8427093011descriptiondescrTYC8427005036010101010101EUR300715C123412341234567IT01                 
 62Movemen012300881100815n012300881100815n012300881100815n012300881100815n012300881100815n012300881100815n01230088121222
 63MovementInfoMovementInf01230088121222ovementInfoMovementInfoMovementInfoMovementInfoMovementInfoMovementInfoMovementI
 63MovementInfoMovementInfoMovementInfoMovementInfoMovementInfoMovementInfoMovementInfoMovementInfoMovementInfoMovementI
 62Movemen012300881100815n012300881100815n012300881100815n012300881100815n012300881100815n012300881100815n01230088121222
 62Movemen012300881100815n012300881100815n012300881100815n012300881100815n012300881100815n012300881100815n01230088121222
 64ClosingBalanceClosingBalanceClosingBalanceClosingBalanceClosingBalanceClosingBalanceClosingBalanceClosingBalanceClosi
 65Expected cash on handExpected cash on handExpected cash on handExpected cash on handExpected cash on handExpected cas
 EF8427090123300881NameNameNameNameName      0000008                              0000010                               
 RH2427090123300881NameNameNameNameName                                                                                 
 610000001             8427093001descriptiondescrTYC8427005036010101010101EUR300715C123412341234567IT01                 
 62Movemen012300881100815n012300881100815n012300881100815n012300881100815n012300881100815n012300881100815n01230088121222
 63MovementInfoMovementInfoMovementInfoMovementInfoMovementInfoMovementInfoMovementInfoMovementInfoMovementInfoMovementI
 63MovementInfoMovementInfoMovementInfoMovementInfoMovementInfoMovementInfoMovementInfoMovementInfoMovementInfoMovementI
 62Movemen012300881100815n012300881100815n012300881100815n012300881100815n012300881100815n012300881100815n01230088121222
 62Movemen012300881100815n012300881100815n012300881100815n012300881100815n012300881100815n012300881100815n01230088121222
 64ClosingBalanceClosingBalanceClosingBalanceClosingBalanceClosingBalanceClosingBalanceClosingBalanceClosingBalanceClosi
 65Expected cash on handExpected cash on handExpected cash on handExpected cash on handExpected cash on handExpected cas
 EF8427090123300881NameNameNameNameName      0000008                              0000010                               
 RH1427090123300881NameNameNameNameName                                                                                 
 610000001             8427093001descriptiondescrTYC8427005036010101010101EUR300715C123412341234567IT01                 
 62Movemen012300881100815n012300881100815n012300881100815n012300881100815n012300881100815n012300881100815n01230088121222
 63MovementInfoMovementInfoMovementInfoMovementInfoMovementInfoMovementInfoMovementInfoMovementInfoMovementInfoMovementI
 63MovementInfoMovementInfoMovementInfoMovementInfoMovementInfoMovementInfoMovementInfoMovementInfoMovementInfoMovementI
 62Movemen012300881100815n012300881100815n012300881100815n012300881100815n012300881100815n012300881100815n01230088121222
 62Movemen012300881100815n012300881100815n012300881100815n012300881100815n012300881100815n012300881100815n01230088121222
 64ClosingBalanceClosingBalanceClosingBalanceClosingBalanceClosingBalanceClosingBalanceClosingBalanceClosingBalanceClosi
 65Expected cash on handExpected cash on handExpected cash on handExpected cash on handExpected cash on handExpected cas
 EF8427090123300881NameNameNameNameName      0000008                              0000010                               
 RH2427090123300881NameNameNameNameName                                                                                 
 610000001             8427093001descriptiondescrTYC8427005036010101010101EUR300715C123412341234567IT01                 
 62Movemen012300881100815n012300881100815n012300881100815n012300881100815n012300881100815n012300881100815n01230088121222
 63MovementInfoMovementInfoMovementInfoMovementInfoMovementInfoMovementInfoMovementInfoMovementInfoMovementInfoMovementI
 63MovementInfoMovementInfoMovementInfoMovementInfoMovementInfoMovementInfoMovementInfoMovementInfoMovementInfoMovementI
 62Movemen012300881100815n012300881100815n012300881100815n012300881100815n012300881100815n012300881100815n01230088121222
 62Movemen012300881100815n012300881100815n012300881100815n012300881100815n012300881100815n012300881100815n01230088121222
 64ClosingBalanceClosingBalanceClosingBalanceClosingBalanceClosingBalanceClosingBalanceClosingBalanceClosingBalanceClosi
 65Expected cash on handExpected cash on handExpected cash on handExpected cash on handExpected cash on handExpected cas
 EF8427090123300881NameNameNameNameName      0000008                              0000010                               
 RH1427090123300881NameNameNameNameName                                                                                 
 610000001             8427093011descriptiondescrTYC8427005036010101010101EUR300715C123412341234567IT01                 
 62Movemen012300881100815n012300881100815n012300881100815n012300881100815n012300881100815n012300881100815n01230088121222
 63MovementInfoMovementInf01230088121222ovementInfoMovementInfoMovementInfoMovementInfoMovementInfoMovementInfoMovementI
 63MovementInfoMovementInfoMovementInfoMovementInfoMovementInfoMovementInfoMovementInfoMovementInfoMovementInfoMovementI
 62Movemen012300881100815n012300881100815n012300881100815n012300881100815n012300881100815n012300881100815n01230088121222
 62Movemen012300881100815n012300881100815n012300881100815n012300881100815n012300881100815n012300881100815n01230088121222
 64ClosingBalanceClosingBalanceClosingBalanceClosingBalanceClosingBalanceClosingBalanceClosingBalanceClosingBalanceClosi
 65Expected cash on handExpected cash on handExpected cash on handExpected cash on handExpected cash on handExpected cas
 EF8427090123300881NameNameNameNameName      0000008                              0000010                               
 RH2427090123300881NameNameNameNameName                                                                                 
 610000001             8427093001descriptiondescrTYC8427005036010101010101EUR300715C123412341234567IT01                 
 62Movemen012300881100815n012300881100815n012300881100815n012300881100815n012300881100815n012300881100815n01230088121222
 63MovementInfoMovementInfoMovementInfoMovementInfoMovementInfoMovementInfoMovementInfoMovementInfoMovementInfoMovementI
 63MovementInfoMovementInfoMovementInfoMovementInfoMovementInfoMovementInfoMovementInfoMovementInfoMovementInfoMovementI
 62Movemen012300881100815n012300881100815n012300881100815n012300881100815n012300881100815n012300881100815n01230088121222
 62Movemen012300881100815n012300881100815n012300881100815n012300881100815n012300881100815n012300881100815n01230088121222
 64ClosingBalanceClosingBalanceClosingBalanceClosingBalanceClosingBalanceClosingBalanceClosingBalanceClosingBalanceClosi
 65Expected cash on handExpected cash on handExpected cash on handExpected cash on handExpected cash on handExpected cas
 EF8427090123300881NameNameNameNameName      0000008                              0000010                               