 RH1427090123300881NameNameNameNameName                                                                                 
 610000001             8427093011descriptiondescrTYC8427005036010101010101EUR300715C123412341234567IT01                 
 62Movemen012300881100815n012300881100815n012300881100815n012300881100815n012300881100815n012300881100815n01230088121222
 63MovementInKKKovementInf01230088121222ovementInfoMovementInfoMovementInfoMovementInfoMovementInfoMovementInfoMovementI
 63MovementInYYYovementInfoMovementInfoMovementInfoMovementInfoMovementInfoMovementInfoMovementInfoMovementInfoMovementI
 62Movemen012300881100815n012300881100815n012300881100815n012300881100815n012300881100815n012300881100815n01230088121222
 63MovementInZZ1000000000000112.49EUR000000000000112349EUR000000000000012333EUR000000012000mentInfoMovementInfoMovementI
 63MovementInID1000000000000112.49EUR000000000000112349EUR000000000000012333EUR000000012000mentInfoMovementInfoMovementI
 62Movemen012300881100815n012300881100815n012300881100815n012300881100815n012300881100815n012300881100815n01230088121222
 640000002EUR130815C000000050750.00C000000050750.00                                                                     
 650000002140815C000000050750.00170815C000000050750.00180815C000000050750.00190815C000000050750.00200815C000000050750.00
 EF8427090123300881NameNameNameNameName      0000008                              0000010                               
 RH2427090123300881NameNameNameNameName                                                                                 
 610000001             8427093001descriptiondescrTYC8427005036010101010101EUR300715C123412341234567IT01                 
 62Movemen012300881100815n012300881100815n012300881100815n012300881100815n012300881100815n012300881100815n01230088121222
 63MovementInfoMovementInfoMovementInfoMovementInfoMovementInfoMovementInfoMovementInfoMovementInfoMovementInfoMovementI
 63MovementInfoMovementInfoMovementInfoMovementInfoMovementInfoMovementInfoMovementInfoMovementInfoMovementInfoMovementI
 62Movemen012300881100815n012300881100815n012300881100815n012300881100815n012300881100815n012300881100815n01230088121222
 62Movemen012300881100815n012300881100815n012300881100815n012300881100815n012300881100815n012300881100815n01230088121222
 640000002EUR130815C000000050750.00C000000050750.00                                                                     
 650000002140815C000000050750.00170815C000000050750.00180815C000000050750.00190815C000000050750.00200815C000000050750.00
 EF8427090123300881NameNameNameNameName      0000008                              0000010                               
 RH1427090123300881NameNameNameNameName                                                                                 
 610000001             8427093001descriptiondescrTYC8427005036010101010101EUR300715C123412341234567IT01                 
 62Movemen012300881100815n012300881100815n012300881100815n012300881100815n012300881100815n012300881100815n01230088121222
 63MovementInfoMovementInfoMovementInfoMovementInfoMovementInfoMovementInfoMovementInfoMovementInfoMovementInfoMovementI
 63MovementInfoMovementInfoMovementInfoMovementInfoMovementInfoMovementInfoMovementInfoMovementInfoMovementInfoMovementI
 62Movemen012300881100815n012300881100815n012300881100815n012300881100815n012300881100815n012300881100815n01230088121222
 62Movemen012300881100815n012300881100815n012300881100815n012300881100815n012300881100815n012300881100815n01230088121222
 640000002EUR130815C000000050750.00C000000050750.00                                                                     
 650000002140815C000000050750.00170815C000000050750.00180815C000000050750.00190815C000000050750.00200815C000000050750.00
 EF8427090123300881NameNameNameNameName      0000008                              0000010                               
 RH2427090123300881NameNameNameNameName                                                                                 
 610000001             8427093001descriptiondescrTYC8427005036010101010101EUR300715C123412341234567IT01                 
 62Movemen012300881100815n012300881100815n012300881100815n012300881100815n012300881100815n012300881100815n01230088121222
 63MovementInfoMovementInfoMovementInfoMovementInfoMovementInfoMovementInfoMovementInfoMovementInfoMovementInfoMovementI
 63MovementInfoMovementInfoMovementInfoMovementInfoMovementInfoMovementInfoMovementInfoMovementInfoMovementInfoMovementI
 62Movemen012300881100815n012300881100815n012300881100815n012300881100815n012300881100815n012300881100815n01230088121222
 62Movemen012300881100815n012300881100815n012300881100815n012300881100815n012300881100815n012300881100815n01230088121222
 640000002EUR130815C000000050750.00C000000050750.00                                                                     
 650000002140815C000000050750.00170815C000000050750.00180815C000000050750.00190815C000000050750.00200815C000000050750.00
 EF8427090123300881NameNameNameNameName      0000008                              0000010                               
 RH1427090123300881NameNameNameNameName                                                                                 
 610000001             8427093011descriptiondescrTYC8427005036010101010101EUR300715C123412341234567IT01                 
 62Movemen012300881100815n012300881100815n012300881100815n012300881100815n012300881100815n012300881100815n01230088121222
 63MovementInfoMovementInf01230088121222ovementInfoMovementInfoMovementInfoMovementInfoMovementInfoMovementInfoMovementI
 63MovementInfoMovementInfoMovementInfoMovementInfoMovementInfoMovementInfoMovementInfoMovementInfoMovementInfoMovementI
 62Movemen012300881100815n012300881100815n012300881100815n012300881100815n012300881100815n012300881100815n01230088121222
 62Movemen012300881100815n012300881100815n012300881100815n012300881100815n012300881100815n012300881100815n01230088121222
 640000002EUR130815C000000050750.00C000000050750.00                                                                     
 650000002140815C000000050750.00170815C000000050750.00180815C000000050750.00190815C000000050750.00200815C000000050750.00
 EF8427090123300881NameNameNameNameName      0000008                              0000010                               
 RH2427090123300881NameNameNameNameName                                                                                 
 610000001             8427093001descriptiondescrTYC8427005036010101010101EUR300715C123412341234567IT01                 
 62Movemen012300881100815n012300881100815n012300881100815n012300881100815n012300881100815n012300881100815n01230088121222
 63MovementInfoMovementInfoMovementInfoMovementInfoMovementInfoMovementInfoMovementInfoMovementInfoMovementInfoMovementI
 63MovementInfoMovementInfoMovementInfoMovementInfoMovementInfoMovementInfoMovementInfoMovementInfoMovementInfoMovementI
 62Movemen012300881100815n012300881100815n012300881100815n012300881100815n012300881100815n012300881100815n01230088121222
 62Movemen012300881100815n012300881100815n012300881100815n012300881100815n012300881100815n012300881100815n01230088121222
 640000002EUR130815C000000050750.00C000000050750.00                                                                     
 650000002140815C000000050750.00170815C000000050750.00180815C000000050750.00190815C000000050750.00200815C000000050750.00
 EF8427090123300881NameNameNameNameName      0000008                              0000010                               
 RH1427090123300881NameNameNameNameName                                                                                 
 610000001             8427093001descriptiondescrTYC8427005036010101010101EUR300715C123412341234567IT01                 
 62Movemen012300881100815n012300881100815n012300881100815n012300881100815n012300881100815n012300881100815n01230088121222
 63MovementInfoMovementInfoMovementInfoMovementInfoMovementInfoMovementInfoMovementInfoMovementInfoMovementInfoMovementI
 63MovementInfoMovementInfoMovementInfoMovementInfoMovementInfoMovementInfoMovementInfoMovementInfoMovementInfoMovementI
 62Movemen012300881100815n012300881100815n012300881100815n012300881100815n012300881100815n012300881100815n01230088121222
 62Movemen012300881100815n012300881100815n012300881100815n012300881100815n012300881100815n012300881100815n01230088121222
 640000002EUR130815C000000050750.00C000000050750.00                                                                     
 650000002140815C000000050750.00170815C000000050750.00180815C000000050750.00190815C000000050750.00200815C000000050750.00
 EF8427090123300881NameNameNameNameName      0000008                              0000010                               
 RH2427090123300881NameNameNameNameName                                                                                 
 610000001             8427093001descriptiondescrTYC8427005036010101010101EUR300715C123412341234567IT01                 
 62Movemen012300881100815n012300881100815n012300881100815n012300881100815n012300881100815n012300881100815n01230088121222
 63MovementInfoMovementInfoMovementInfoMovementInfoMovementInfoMovementInfoMovementInfoMovementInfoMovementInfoMovementI
 63MovementInfoMovementInfoMovementInfoMovementInfoMovementInfoMovementInfoMovementInfoMovementInfoMovementInfoMovementI
 62Movemen012300881100815n012300881100815n012300881100815n012300881100815n012300881100815n012300881100815n01230088121222
 62Movemen012300881100815n012300881100815n012300881100815n012300881100815n012300881100815n012300881100815n01230088121222
 640000002EUR130815C000000050750.00C000000050750.00                                                                     
 650000002140815C000000050750.00170815C000000050750.00180815C000000050750.00190815C000000050750.00200815C000000050750.00
 EF8427090123300881NameNameNameNameName      0000008                              0000010                               
 RH1427090123300881NameNameNameNameName                                                                                 
 610000001             8427093011descriptiondescrTYC8427005036010101010101EUR300715C123412341234567IT01                 
 62Movemen012300881100815n012300881100815n012300881100815n012300881100815n012300881100815n012300881100815n01230088121222
 63MovementInfoMovementInf01230088121222ovementInfoMovementInfoMovementInfoMovementInfoMovementInfoMovementInfoMovementI
 63MovementInfoMovementInfoMovementInfoMovementInfoMovementInfoMovementInfoMovementInfoMovementInfoMovementInfoMovementI
 62Movemen012300881100815n012300881100815n012300881100815n012300881100815n012300881100815n012300881100815n01230088121222
 62Movemen012300881100815n012300881100815n012300881100815n012300881100815n012300881100815n012300881100815n01230088121222
 640000002EUR130815C000000050750.00C000000050750.00                                                                     
 650000002140815C000000050750.00170815C000000050750.00180815C000000050750.00190815C000000050750.00200815C000000050750.00
 EF8427090123300881NameNameNameNameName      0000008                              0000010                               
 RH2427090123300881NameNameNameNameName                                                                                 
 610000001             8427093001descriptiondescrTYC8427005036010101010101EUR300715C123412341234567IT01                 
 62Movemen012300881100815n012300881100815n012300881100815n012300881100815n012300881100815n012300881100815n01230088121222
 63MovementInfoMovementInfoMovementInfoMovementInfoMovementInfoMovementInfoMovementInfoMovementInfoMovementInfoMovementI
 63MovementInfoMovementInfoMovementInfoMovementInfoMovementInfoMovementInfoMovementInfoMovementInfoMovementInfoMovementI
 62Movemen012300881100815n012300881100815n012300881100815n012300881100815n012300881100815n012300881100815n01230088121222
 62Movemen012300881100815n012300881100815n012300881100815n012300881100815n012300881100815n012300881100815n01230088121222
 640000002EUR130815C000000050750.00C000000050750.00                                                                     
 650000002140815C000000050750.00170815C000000050750.00180815C000000050750.00190815C000000050750.00200815C000000050750.00
 EF8427090123300881NameNameNameNameName      0000008                              0000010                               