 EC8427090123300881NameNameNameNameName                                                                                 
 610000001             8427093001descriptiondescrTYC8427005036CurrencyCodeCOD300715C123412341234567IT01                 
 64ClosingBalanceClosingBalanceClosingBalanceClosingBalanceClosingBalanceClosingBalanceClosingBalanceClosingBalanceClosi
 EF8427090123300881NameNameNameNameName      0000008                              0000010                               
 RA8427090123300881NameNameNameNameName                                                                                 
 610000001             8427093001descriptiondescrTYC8427005036CurrencyCodeCOD300715C123412341234567IT01                 
 65ClosingBalanceClosingBalanceClosingBalanceClosingBalanceClosingBalanceClosingBalanceClosingBalanceClosingBalanceClosi
 EF8427090123300881NameNameNameNameName      0000008                              0000010                               
 DT8427090123300881NameNameNameNameName                                                                                 
 100000001             8427093001descriptiondescrTYC8427005036CurrencyCodeCOD300715C123412341234567IT01                 
 20ClosingBalanceClosingBalanceClosingBalanceClosingBalanceClosingBalanceClosingBalanceClosingBalanceClosingBalanceClosi
 EF8427090123300881NameNameNameNameName      0000008                              0000010                               