 RH1427090123300881NameNameNameNameName                                                                                 
 610000001             8427093001descriptiondescrTYC8427005036CurrencyCodeCOD300715C123412341234567IT01                 
 610000001             8427093001descriptiondescrTYC8427005036CurrencyCodeCOD300715C123412341234567IT01                 
 62MovementMovementMovementMovementMovementMovementMovementMovementMovementMovementMovementMovementMovementMovementMovem
 63MovementInfoMovementInfoMovementInfoMovementInfoMovementInfoMovementInfoMovementInfoMovementInfoMovementInfoMovementI
 63MovementInfoMovementInfoMovementInfoMovementInfoMovementInfoMovementInfoMovementInfoMovementInfoMovementInfoMovementI
 62MovementMovementMovementMovementMovementMovementMovementMovementMovementMovementMovementMovementMovementMovementMovem
 62MovementMovementMovementMovementMovementMovementMovementMovementMovementMovementMovementMovementMovementMovementMovem
 64ClosingBalanceClosingBalanceClosingBalanceClosingBalanceClosingBalanceClosingBalanceClosingBalanceClosingBalanceClosi
 65Expected cash on handExpected cash on handExpected cash on handExpected cash on handExpected cash on handExpected cas
 EF8427090123300881NameNameNameNameName      0000008                              0000010                               
 RH2427090123300881NameNameNameNameName                                                                                 
 610000001             8427093001descriptiondescrTYC8427005036CurrencyCodeCOD300715C123412341234567IT01                 
 62MovementMovementMovementMovementMovementMovementMovementMovementMovementMovementMovementMovementMovementMovementMovem
 63MovementInfoMovementInfoMovementInfoMovementInfoMovementInfoMovementInfoMovementInfoMovementInfoMovementInfoMovementI
 63MovementInfoMovementInfoMovementInfoMovementInfoMovementInfoMovementInfoMovementInfoMovementInfoMovementInfoMovementI
 62MovementMovementMovementMovementMovementMovementMovementMovementMovementMovementMovementMovementMovementMovementMovem
 62MovementMovementMovementMovementMovementMovementMovementMovementMovementMovementMovementMovementMovementMovementMovem
 64ClosingBalanceClosingBalanceClosingBalanceClosingBalanceClosingBalanceClosingBalanceClosingBalanceClosingBalanceClosi
 65Expected cash on handExpected cash on handExpected cash on handExpected cash on handExpected cash on handExpected cas
 EF8427090123300881NameNameNameNameName      0000008                              0000010                               
 RH1427090123300881NameNameNameNameName                                                                                 
 610000001             8427093001descriptiondescrTYC8427005036CurrencyCodeCOD300715C123412341234567IT01                 
 62MovementMovementMovementMovementMovementMovementMovementMovementMovementMovementMovementMovementMovementMovementMovem
 63MovementInfoMovementInfoMovementInfoMovementInfoMovementInfoMovementInfoMovementInfoMovementInfoMovementInfoMovementI
 63MovementInfoMovementInfoMovementInfoMovementInfoMovementInfoMovementInfoMovementInfoMovementInfoMovementInfoMovementI
 62MovementMovementMovementMovementMovementMovementMovementMovementMovementMovementMovementMovementMovementMovementMovem
 62MovementMovementMovementMovementMovementMovementMovementMovementMovementMovementMovementMovementMovementMovementMovem
 64ClosingBalanceClosingBalanceClosingBalanceClosingBalanceClosingBalanceClosingBalanceClosingBalanceClosingBalanceClosi
 65Expected cash on handExpected cash on handExpected cash on handExpected cash on handExpected cash on handExpected cas
 EF8427090123300881NameNameNameNameName      0000008                              0000010                               
 RH2427090123300881NameNameNameNameName                                                                                 
 610000001             8427093001descriptiondescrTYC8427005036CurrencyCodeCOD300715C123412341234567IT01                 
 62MovementMovementMovementMovementMovementMovementMovementMovementMovementMovementMovementMovementMovementMovementMovem
 63MovementInfoMovementInfoMovementInfoMovementInfoMovementInfoMovementInfoMovementInfoMovementInfoMovementInfoMovementI
 63MovementInfoMovementInfoMovementInfoMovementInfoMovementInfoMovementInfoMovementInfoMovementInfoMovementInfoMovementI
 62MovementMovementMovementMovementMovementMovementMovementMovementMovementMovementMovementMovementMovementMovementMovem
 62MovementMovementMovementMovementMovementMovementMovementMovementMovementMovementMovementMovementMovementMovementMovem
 64ClosingBalanceClosingBalanceClosingBalanceClosingBalanceClosingBalanceClosingBalanceClosingBalanceClosingBalanceClosi
 65Expected cash on handExpected cash on handExpected cash on handExpected cash on handExpected cash on handExpected cas
 EF8427090123300881NameNameNameNameName      0000008                              0000010                               