<?xml version="1.0" encoding="UTF-8"?>
<CBIBkToCstmrStmtReqLogMsg>
	<CBIDlyStmtReqLogMsg xmlns="urn:CBI:xsd:CBIDlyStmtReqLogMsg.00.01.02">
		<GrpHdr>
			<MsgId>NameNameNameNameName</MsgId>
			<CreDtTm>300881</CreDtTm>
			<MsgRcpt>
				<Id>
					<OrgId>
						<Othr>
							<Id>90123</Id>
						</Othr>
					</OrgId>
				</Id>
			</MsgRcpt>
			<AddtlInf>14270</AddtlInf>
		</GrpHdr>
		<Stmt>
			<ElctrncSeqNb>1</ElctrncSeqNb>
			<CpyDplctInd>DUPL</CpyDplctInd>
			<Acct>
				<Id>
					<IBAN>IT01C8427005036010101010101</IBAN>
				</Id>
				<Tp>
					<Prtry>TY</Prtry>
				</Tp>
				<Ccy>EUR</Ccy>
				<Nm>descriptiondescr</Nm>
				<Svcr>
					<FinInstnId>
						<ClrSysMmbId>
							<MmbId>84270</MmbId>
						</ClrSysMmbId>
					</FinInstnId>
				</Svcr>
			</Acct>
			<Bal>
				<Tp>
					<CdOrPrtry>
						<Cd>OPBD</Cd>
					</CdOrPrtry>
				</Tp>
				<Amt>123412341234567</Amt>
				<CdtDbtInd>CRDT</CdtDbtInd>
				<Dt>
					<Dt>300715</Dt>
				</Dt>
			</Bal>
			<Bal>
				<Tp>
					<CdOrPrtry>
						<Cd>CLAV</Cd>
					</CdOrPrtry>
				</Tp>
				<Amt>50750.00</Amt>
				<CdtDbtInd>CRDT</CdtDbtInd>
				<Dt>
					<Dt>130815</Dt>
				</Dt>
			</Bal>
			<Bal>
				<Tp>
					<CdOrPrtry>
						<Cd>CLAV</Cd>
					</CdOrPrtry>
				</Tp>
				<Amt>50750.00</Amt>
				<CdtDbtInd>CRDT</CdtDbtInd>
				<Dt>
					<Dt>130815</Dt>
				</Dt>
			</Bal>
			<Bal>
				<Tp>
					<CdOrPrtry>
						<Cd>FWAV</Cd>
					</CdOrPrtry>
				</Tp>
				<Amt>50750.00</Amt>
				<CdtDbtInd>CRDT</CdtDbtInd>
				<Dt>
					<Dt>140815</Dt>
				</Dt>
			</Bal>
			<Bal>
				<Tp>
					<CdOrPrtry>
						<Cd>FWAV</Cd>
					</CdOrPrtry>
				</Tp>
				<Amt>50750.00</Amt>
				<CdtDbtInd>CRDT</CdtDbtInd>
				<Dt>
					<Dt>140815</Dt>
				</Dt>
			</Bal>
			<Bal>
				<Tp>
					<CdOrPrtry>
						<Cd>FWAV</Cd>
					</CdOrPrtry>
				</Tp>
				<Amt>50750.00</Amt>
				<CdtDbtInd>CRDT</CdtDbtInd>
				<Dt>
					<Dt>140815</Dt>
				</Dt>
			</Bal>
			<Bal>
				<Tp>
					<CdOrPrtry>
						<Cd>FWAV</Cd>
					</CdOrPrtry>
				</Tp>
				<Amt>50750.00</Amt>
				<CdtDbtInd>CRDT</CdtDbtInd>
				<Dt>
					<Dt>140815</Dt>
				</Dt>
			</Bal>
			<Bal>
				<Tp>
					<CdOrPrtry>
						<Cd>FWAV</Cd>
					</CdOrPrtry>
				</Tp>
				<Amt>50750.00</Amt>
				<CdtDbtInd>CRDT</CdtDbtInd>
				<Dt>
					<Dt>140815</Dt>
				</Dt>
			</Bal>
			<Ntry>
				<NtryRef>012</NtryRef>
				<Amt>12300881100815</Amt>
				<BookgDt>
					<Dt>100815</Dt>
				</BookgDt>
				<ValDt>
					<Dt>300881</Dt>
				</ValDt>
				<AcctSvcrRef>300881100815n012</AcctSvcrRef>
				<BkTxCd>
					<Prtry>
						<Cd>n012</Cd>
					</Prtry>
				</BkTxCd>
			</Ntry>
			<Ntry>
				<NtryRef>012</NtryRef>
				<Amt>12300881100815</Amt>
				<BookgDt>
					<Dt>100815</Dt>
				</BookgDt>
				<ValDt>
					<Dt>300881</Dt>
				</ValDt>
				<AcctSvcrRef>300881100815n012</AcctSvcrRef>
				<BkTxCd>
					<Prtry>
						<Cd>n012</Cd>
					</Prtry>
				</BkTxCd>
				<AmtDtls>
					<InstdAmt>
						<Amt Ccy="EUR">112.49</Amt>
					</InstdAmt>
					<TxAmt>
						<Amt Ccy="EUR">112349</Amt>
						<CcyXchg>
							<XchgRate>12000</XchgRate>
						</CcyXchg>
					</TxAmt>
					<CntrValAmt>
						<Amt Ccy="EUR">12333</Amt>
					</CntrValAmt>
				</AmtDtls>
			</Ntry>
			<Ntry>
				<NtryRef>012</NtryRef>
				<Amt>12300881100815</Amt>
				<BookgDt>
					<Dt>100815</Dt>
				</BookgDt>
				<ValDt>
					<Dt>300881</Dt>
				</ValDt>
				<AcctSvcrRef>300881100815n012</AcctSvcrRef>
				<BkTxCd>
					<Prtry>
						<Cd>n012</Cd>
					</Prtry>
				</BkTxCd>
			</Ntry>
		</Stmt>
	</CBIDlyStmtReqLogMsg>
	<CBIDlyStmtReqLogMsg xmlns="urn:CBI:xsd:CBIDlyStmtReqLogMsg.00.01.02">
		<GrpHdr>
			<MsgId>NameNameNameNameName</MsgId>
			<CreDtTm>300881</CreDtTm>
			<MsgRcpt>
				<Id>
					<OrgId>
						<Othr>
							<Id>90123</Id>
						</Othr>
					</OrgId>
				</Id>
			</MsgRcpt>
			<AddtlInf>24270</AddtlInf>
		</GrpHdr>
		<Stmt>
			<ElctrncSeqNb>1</ElctrncSeqNb>
			<Acct>
				<Id>
					<IBAN>IT01C8427005036010101010101</IBAN>
				</Id>
				<Tp>
					<Prtry>TY</Prtry>
				</Tp>
				<Ccy>EUR</Ccy>
				<Nm>descriptiondescr</Nm>
				<Svcr>
					<FinInstnId>
						<ClrSysMmbId>
							<MmbId>84270</MmbId>
						</ClrSysMmbId>
					</FinInstnId>
				</Svcr>
			</Acct>
			<Bal>
				<Tp>
					<CdOrPrtry>
						<Cd>OPBD</Cd>
					</CdOrPrtry>
				</Tp>
				<Amt>123412341234567</Amt>
				<CdtDbtInd>CRDT</CdtDbtInd>
				<Dt>
					<Dt>300715</Dt>
				</Dt>
			</Bal>
			<Bal>
				<Tp>
					<CdOrPrtry>
						<Cd>CLAV</Cd>
					</CdOrPrtry>
				</Tp>
				<Amt>50750.00</Amt>
				<CdtDbtInd>CRDT</CdtDbtInd>
				<Dt>
					<Dt>130815</Dt>
				</Dt>
			</Bal>
			<Bal>
				<Tp>
					<CdOrPrtry>
						<Cd>CLAV</Cd>
					</CdOrPrtry>
				</Tp>
				<Amt>50750.00</Amt>
				<CdtDbtInd>CRDT</CdtDbtInd>
				<Dt>
					<Dt>130815</Dt>
				</Dt>
			</Bal>
			<Bal>
				<Tp>
					<CdOrPrtry>
						<Cd>FWAV</Cd>
					</CdOrPrtry>
				</Tp>
				<Amt>50750.00</Amt>
				<CdtDbtInd>CRDT</CdtDbtInd>
				<Dt>
					<Dt>140815</Dt>
				</Dt>
			</Bal>
			<Bal>
				<Tp>
					<CdOrPrtry>
						<Cd>FWAV</Cd>
					</CdOrPrtry>
				</Tp>
				<Amt>50750.00</Amt>
				<CdtDbtInd>CRDT</CdtDbtInd>
				<Dt>
					<Dt>140815</Dt>
				</Dt>
			</Bal>
			<Bal>
				<Tp>
					<CdOrPrtry>
						<Cd>FWAV</Cd>
					</CdOrPrtry>
				</Tp>
				<Amt>50750.00</Amt>
				<CdtDbtInd>CRDT</CdtDbtInd>
				<Dt>
					<Dt>140815</Dt>
				</Dt>
			</Bal>
			<Bal>
				<Tp>
					<CdOrPrtry>
						<Cd>FWAV</Cd>
					</CdOrPrtry>
				</Tp>
				<Amt>50750.00</Amt>
				<CdtDbtInd>CRDT</CdtDbtInd>
				<Dt>
					<Dt>140815</Dt>
				</Dt>
			</Bal>
			<Bal>
				<Tp>
					<CdOrPrtry>
						<Cd>FWAV</Cd>
					</CdOrPrtry>
				</Tp>
				<Amt>50750.00</Amt>
				<CdtDbtInd>CRDT</CdtDbtInd>
				<Dt>
					<Dt>140815</Dt>
				</Dt>
			</Bal>
			<Ntry>
				<NtryRef>012</NtryRef>
				<Amt>12300881100815</Amt>
				<BookgDt>
					<Dt>100815</Dt>
				</BookgDt>
				<ValDt>
					<Dt>300881</Dt>
				</ValDt>
				<AcctSvcrRef>300881100815n012</AcctSvcrRef>
				<BkTxCd>
					<Prtry>
						<Cd>n012</Cd>
					</Prtry>
				</BkTxCd>
			</Ntry>
			<Ntry>
				<NtryRef>012</NtryRef>
				<Amt>12300881100815</Amt>
				<BookgDt>
					<Dt>100815</Dt>
				</BookgDt>
				<ValDt>
					<Dt>300881</Dt>
				</ValDt>
				<AcctSvcrRef>300881100815n012</AcctSvcrRef>
				<BkTxCd>
					<Prtry>
						<Cd>n012</Cd>
					</Prtry>
				</BkTxCd>
			</Ntry>
			<Ntry>
				<NtryRef>012</NtryRef>
				<Amt>12300881100815</Amt>
				<BookgDt>
					<Dt>100815</Dt>
				</BookgDt>
				<ValDt>
					<Dt>300881</Dt>
				</ValDt>
				<AcctSvcrRef>300881100815n012</AcctSvcrRef>
				<BkTxCd>
					<Prtry>
						<Cd>n012</Cd>
					</Prtry>
				</BkTxCd>
			</Ntry>
		</Stmt>
	</CBIDlyStmtReqLogMsg>
	<CBIDlyStmtReqLogMsg xmlns="urn:CBI:xsd:CBIDlyStmtReqLogMsg.00.01.02">
		<GrpHdr>
			<MsgId>NameNameNameNameName</MsgId>
			<CreDtTm>300881</CreDtTm>
			<MsgRcpt>
				<Id>
					<OrgId>
						<Othr>
							<Id>90123</Id>
						</Othr>
					</OrgId>
				</Id>
			</MsgRcpt>
			<AddtlInf>14270</AddtlInf>
		</GrpHdr>
		<Stmt>
			<ElctrncSeqNb>1</ElctrncSeqNb>
			<Acct>
				<Id>
					<IBAN>IT01C8427005036010101010101</IBAN>
				</Id>
				<Tp>
					<Prtry>TY</Prtry>
				</Tp>
				<Ccy>EUR</Ccy>
				<Nm>descriptiondescr</Nm>
				<Svcr>
					<FinInstnId>
						<ClrSysMmbId>
							<MmbId>84270</MmbId>
						</ClrSysMmbId>
					</FinInstnId>
				</Svcr>
			</Acct>
			<Bal>
				<Tp>
					<CdOrPrtry>
						<Cd>OPBD</Cd>
					</CdOrPrtry>
				</Tp>
				<Amt>123412341234567</Amt>
				<CdtDbtInd>CRDT</CdtDbtInd>
				<Dt>
					<Dt>300715</Dt>
				</Dt>
			</Bal>
			<Bal>
				<Tp>
					<CdOrPrtry>
						<Cd>CLAV</Cd>
					</CdOrPrtry>
				</Tp>
				<Amt>50750.00</Amt>
				<CdtDbtInd>CRDT</CdtDbtInd>
				<Dt>
					<Dt>130815</Dt>
				</Dt>
			</Bal>
			<Bal>
				<Tp>
					<CdOrPrtry>
						<Cd>CLAV</Cd>
					</CdOrPrtry>
				</Tp>
				<Amt>50750.00</Amt>
				<CdtDbtInd>CRDT</CdtDbtInd>
				<Dt>
					<Dt>130815</Dt>
				</Dt>
			</Bal>
			<Bal>
				<Tp>
					<CdOrPrtry>
						<Cd>FWAV</Cd>
					</CdOrPrtry>
				</Tp>
				<Amt>50750.00</Amt>
				<CdtDbtInd>CRDT</CdtDbtInd>
				<Dt>
					<Dt>140815</Dt>
				</Dt>
			</Bal>
			<Bal>
				<Tp>
					<CdOrPrtry>
						<Cd>FWAV</Cd>
					</CdOrPrtry>
				</Tp>
				<Amt>50750.00</Amt>
				<CdtDbtInd>CRDT</CdtDbtInd>
				<Dt>
					<Dt>140815</Dt>
				</Dt>
			</Bal>
			<Bal>
				<Tp>
					<CdOrPrtry>
						<Cd>FWAV</Cd>
					</CdOrPrtry>
				</Tp>
				<Amt>50750.00</Amt>
				<CdtDbtInd>CRDT</CdtDbtInd>
				<Dt>
					<Dt>140815</Dt>
				</Dt>
			</Bal>
			<Bal>
				<Tp>
					<CdOrPrtry>
						<Cd>FWAV</Cd>
					</CdOrPrtry>
				</Tp>
				<Amt>50750.00</Amt>
				<CdtDbtInd>CRDT</CdtDbtInd>
				<Dt>
					<Dt>140815</Dt>
				</Dt>
			</Bal>
			<Bal>
				<Tp>
					<CdOrPrtry>
						<Cd>FWAV</Cd>
					</CdOrPrtry>
				</Tp>
				<Amt>50750.00</Amt>
				<CdtDbtInd>CRDT</CdtDbtInd>
				<Dt>
					<Dt>140815</Dt>
				</Dt>
			</Bal>
			<Ntry>
				<NtryRef>012</NtryRef>
				<Amt>12300881100815</Amt>
				<BookgDt>
					<Dt>100815</Dt>
				</BookgDt>
				<ValDt>
					<Dt>300881</Dt>
				</ValDt>
				<AcctSvcrRef>300881100815n012</AcctSvcrRef>
				<BkTxCd>
					<Prtry>
						<Cd>n012</Cd>
					</Prtry>
				</BkTxCd>
			</Ntry>
			<Ntry>
				<NtryRef>012</NtryRef>
				<Amt>12300881100815</Amt>
				<BookgDt>
					<Dt>100815</Dt>
				</BookgDt>
				<ValDt>
					<Dt>300881</Dt>
				</ValDt>
				<AcctSvcrRef>300881100815n012</AcctSvcrRef>
				<BkTxCd>
					<Prtry>
						<Cd>n012</Cd>
					</Prtry>
				</BkTxCd>
			</Ntry>
			<Ntry>
				<NtryRef>012</NtryRef>
				<Amt>12300881100815</Amt>
				<BookgDt>
					<Dt>100815</Dt>
				</BookgDt>
				<ValDt>
					<Dt>300881</Dt>
				</ValDt>
				<AcctSvcrRef>300881100815n012</AcctSvcrRef>
				<BkTxCd>
					<Prtry>
						<Cd>n012</Cd>
					</Prtry>
				</BkTxCd>
			</Ntry>
		</Stmt>
	</CBIDlyStmtReqLogMsg>
	<CBIDlyStmtReqLogMsg xmlns="urn:CBI:xsd:CBIDlyStmtReqLogMsg.00.01.02">
		<GrpHdr>
			<MsgId>NameNameNameNameName</MsgId>
			<CreDtTm>300881</CreDtTm>
			<MsgRcpt>
				<Id>
					<OrgId>
						<Othr>
							<Id>90123</Id>
						</Othr>
					</OrgId>
				</Id>
			</MsgRcpt>
			<AddtlInf>24270</AddtlInf>
		</GrpHdr>
		<Stmt>
			<ElctrncSeqNb>1</ElctrncSeqNb>
			<Acct>
				<Id>
					<IBAN>IT01C8427005036010101010101</IBAN>
				</Id>
				<Tp>
					<Prtry>TY</Prtry>
				</Tp>
				<Ccy>EUR</Ccy>
				<Nm>descriptiondescr</Nm>
				<Svcr>
					<FinInstnId>
						<ClrSysMmbId>
							<MmbId>84270</MmbId>
						</ClrSysMmbId>
					</FinInstnId>
				</Svcr>
			</Acct>
			<Bal>
				<Tp>
					<CdOrPrtry>
						<Cd>OPBD</Cd>
					</CdOrPrtry>
				</Tp>
				<Amt>123412341234567</Amt>
				<CdtDbtInd>CRDT</CdtDbtInd>
				<Dt>
					<Dt>300715</Dt>
				</Dt>
			</Bal>
			<Bal>
				<Tp>
					<CdOrPrtry>
						<Cd>CLAV</Cd>
					</CdOrPrtry>
				</Tp>
				<Amt>50750.00</Amt>
				<CdtDbtInd>CRDT</CdtDbtInd>
				<Dt>
					<Dt>130815</Dt>
				</Dt>
			</Bal>
			<Bal>
				<Tp>
					<CdOrPrtry>
						<Cd>CLAV</Cd>
					</CdOrPrtry>
				</Tp>
				<Amt>50750.00</Amt>
				<CdtDbtInd>CRDT</CdtDbtInd>
				<Dt>
					<Dt>130815</Dt>
				</Dt>
			</Bal>
			<Bal>
				<Tp>
					<CdOrPrtry>
						<Cd>FWAV</Cd>
					</CdOrPrtry>
				</Tp>
				<Amt>50750.00</Amt>
				<CdtDbtInd>CRDT</CdtDbtInd>
				<Dt>
					<Dt>140815</Dt>
				</Dt>
			</Bal>
			<Bal>
				<Tp>
					<CdOrPrtry>
						<Cd>FWAV</Cd>
					</CdOrPrtry>
				</Tp>
				<Amt>50750.00</Amt>
				<CdtDbtInd>CRDT</CdtDbtInd>
				<Dt>
					<Dt>140815</Dt>
				</Dt>
			</Bal>
			<Bal>
				<Tp>
					<CdOrPrtry>
						<Cd>FWAV</Cd>
					</CdOrPrtry>
				</Tp>
				<Amt>50750.00</Amt>
				<CdtDbtInd>CRDT</CdtDbtInd>
				<Dt>
					<Dt>140815</Dt>
				</Dt>
			</Bal>
			<Bal>
				<Tp>
					<CdOrPrtry>
						<Cd>FWAV</Cd>
					</CdOrPrtry>
				</Tp>
				<Amt>50750.00</Amt>
				<CdtDbtInd>CRDT</CdtDbtInd>
				<Dt>
					<Dt>140815</Dt>
				</Dt>
			</Bal>
			<Bal>
				<Tp>
					<CdOrPrtry>
						<Cd>FWAV</Cd>
					</CdOrPrtry>
				</Tp>
				<Amt>50750.00</Amt>
				<CdtDbtInd>CRDT</CdtDbtInd>
				<Dt>
					<Dt>140815</Dt>
				</Dt>
			</Bal>
			<Ntry>
				<NtryRef>012</NtryRef>
				<Amt>12300881100815</Amt>
				<BookgDt>
					<Dt>100815</Dt>
				</BookgDt>
				<ValDt>
					<Dt>300881</Dt>
				</ValDt>
				<AcctSvcrRef>300881100815n012</AcctSvcrRef>
				<BkTxCd>
					<Prtry>
						<Cd>n012</Cd>
					</Prtry>
				</BkTxCd>
			</Ntry>
			<Ntry>
				<NtryRef>012</NtryRef>
				<Amt>12300881100815</Amt>
				<BookgDt>
					<Dt>100815</Dt>
				</BookgDt>
				<ValDt>
					<Dt>300881</Dt>
				</ValDt>
				<AcctSvcrRef>300881100815n012</AcctSvcrRef>
				<BkTxCd>
					<Prtry>
						<Cd>n012</Cd>
					</Prtry>
				</BkTxCd>
			</Ntry>
			<Ntry>
				<NtryRef>012</NtryRef>
				<Amt>12300881100815</Amt>
				<BookgDt>
					<Dt>100815</Dt>
				</BookgDt>
				<ValDt>
					<Dt>300881</Dt>
				</ValDt>
				<AcctSvcrRef>300881100815n012</AcctSvcrRef>
				<BkTxCd>
					<Prtry>
						<Cd>n012</Cd>
					</Prtry>
				</BkTxCd>
			</Ntry>
		</Stmt>
	</CBIDlyStmtReqLogMsg>
	<CBIDlyStmtReqLogMsg xmlns="urn:CBI:xsd:CBIDlyStmtReqLogMsg.00.01.02">
		<GrpHdr>
			<MsgId>NameNameNameNameName</MsgId>
			<CreDtTm>300881</CreDtTm>
			<MsgRcpt>
				<Id>
					<OrgId>
						<Othr>
							<Id>90123</Id>
						</Othr>
					</OrgId>
				</Id>
			</MsgRcpt>
			<AddtlInf>14270</AddtlInf>
		</GrpHdr>
		<Stmt>
			<ElctrncSeqNb>1</ElctrncSeqNb>
			<CpyDplctInd>DUPL</CpyDplctInd>
			<Acct>
				<Id>
					<IBAN>IT01C8427005036010101010101</IBAN>
				</Id>
				<Tp>
					<Prtry>TY</Prtry>
				</Tp>
				<Ccy>EUR</Ccy>
				<Nm>descriptiondescr</Nm>
				<Svcr>
					<FinInstnId>
						<ClrSysMmbId>
							<MmbId>84270</MmbId>
						</ClrSysMmbId>
					</FinInstnId>
				</Svcr>
			</Acct>
			<Bal>
				<Tp>
					<CdOrPrtry>
						<Cd>OPBD</Cd>
					</CdOrPrtry>
				</Tp>
				<Amt>123412341234567</Amt>
				<CdtDbtInd>CRDT</CdtDbtInd>
				<Dt>
					<Dt>300715</Dt>
				</Dt>
			</Bal>
			<Bal>
				<Tp>
					<CdOrPrtry>
						<Cd>CLAV</Cd>
					</CdOrPrtry>
				</Tp>
				<Amt>50750.00</Amt>
				<CdtDbtInd>CRDT</CdtDbtInd>
				<Dt>
					<Dt>130815</Dt>
				</Dt>
			</Bal>
			<Bal>
				<Tp>
					<CdOrPrtry>
						<Cd>CLAV</Cd>
					</CdOrPrtry>
				</Tp>
				<Amt>50750.00</Amt>
				<CdtDbtInd>CRDT</CdtDbtInd>
				<Dt>
					<Dt>130815</Dt>
				</Dt>
			</Bal>
			<Bal>
				<Tp>
					<CdOrPrtry>
						<Cd>FWAV</Cd>
					</CdOrPrtry>
				</Tp>
				<Amt>50750.00</Amt>
				<CdtDbtInd>CRDT</CdtDbtInd>
				<Dt>
					<Dt>140815</Dt>
				</Dt>
			</Bal>
			<Bal>
				<Tp>
					<CdOrPrtry>
						<Cd>FWAV</Cd>
					</CdOrPrtry>
				</Tp>
				<Amt>50750.00</Amt>
				<CdtDbtInd>CRDT</CdtDbtInd>
				<Dt>
					<Dt>140815</Dt>
				</Dt>
			</Bal>
			<Bal>
				<Tp>
					<CdOrPrtry>
						<Cd>FWAV</Cd>
					</CdOrPrtry>
				</Tp>
				<Amt>50750.00</Amt>
				<CdtDbtInd>CRDT</CdtDbtInd>
				<Dt>
					<Dt>140815</Dt>
				</Dt>
			</Bal>
			<Bal>
				<Tp>
					<CdOrPrtry>
						<Cd>FWAV</Cd>
					</CdOrPrtry>
				</Tp>
				<Amt>50750.00</Amt>
				<CdtDbtInd>CRDT</CdtDbtInd>
				<Dt>
					<Dt>140815</Dt>
				</Dt>
			</Bal>
			<Bal>
				<Tp>
					<CdOrPrtry>
						<Cd>FWAV</Cd>
					</CdOrPrtry>
				</Tp>
				<Amt>50750.00</Amt>
				<CdtDbtInd>CRDT</CdtDbtInd>
				<Dt>
					<Dt>140815</Dt>
				</Dt>
			</Bal>
			<Ntry>
				<NtryRef>012</NtryRef>
				<Amt>12300881100815</Amt>
				<BookgDt>
					<Dt>100815</Dt>
				</BookgDt>
				<ValDt>
					<Dt>300881</Dt>
				</ValDt>
				<AcctSvcrRef>300881100815n012</AcctSvcrRef>
				<BkTxCd>
					<Prtry>
						<Cd>n012</Cd>
					</Prtry>
				</BkTxCd>
			</Ntry>
			<Ntry>
				<NtryRef>012</NtryRef>
				<Amt>12300881100815</Amt>
				<BookgDt>
					<Dt>100815</Dt>
				</BookgDt>
				<ValDt>
					<Dt>300881</Dt>
				</ValDt>
				<AcctSvcrRef>300881100815n012</AcctSvcrRef>
				<BkTxCd>
					<Prtry>
						<Cd>n012</Cd>
					</Prtry>
				</BkTxCd>
			</Ntry>
			<Ntry>
				<NtryRef>012</NtryRef>
				<Amt>12300881100815</Amt>
				<BookgDt>
					<Dt>100815</Dt>
				</BookgDt>
				<ValDt>
					<Dt>300881</Dt>
				</ValDt>
				<AcctSvcrRef>300881100815n012</AcctSvcrRef>
				<BkTxCd>
					<Prtry>
						<Cd>n012</Cd>
					</Prtry>
				</BkTxCd>
			</Ntry>
		</Stmt>
	</CBIDlyStmtReqLogMsg>
	<CBIDlyStmtReqLogMsg xmlns="urn:CBI:xsd:CBIDlyStmtReqLogMsg.00.01.02">
		<GrpHdr>
			<MsgId>NameNameNameNameName</MsgId>
			<CreDtTm>300881</CreDtTm>
			<MsgRcpt>
				<Id>
					<OrgId>
						<Othr>
							<Id>90123</Id>
						</Othr>
					</OrgId>
				</Id>
			</MsgRcpt>
			<AddtlInf>24270</AddtlInf>
		</GrpHdr>
		<Stmt>
			<ElctrncSeqNb>1</ElctrncSeqNb>
			<Acct>
				<Id>
					<IBAN>IT01C8427005036010101010101</IBAN>
				</Id>
				<Tp>
					<Prtry>TY</Prtry>
				</Tp>
				<Ccy>EUR</Ccy>
				<Nm>descriptiondescr</Nm>
				<Svcr>
					<FinInstnId>
						<ClrSysMmbId>
							<MmbId>84270</MmbId>
						</ClrSysMmbId>
					</FinInstnId>
				</Svcr>
			</Acct>
			<Bal>
				<Tp>
					<CdOrPrtry>
						<Cd>OPBD</Cd>
					</CdOrPrtry>
				</Tp>
				<Amt>123412341234567</Amt>
				<CdtDbtInd>CRDT</CdtDbtInd>
				<Dt>
					<Dt>300715</Dt>
				</Dt>
			</Bal>
			<Bal>
				<Tp>
					<CdOrPrtry>
						<Cd>CLAV</Cd>
					</CdOrPrtry>
				</Tp>
				<Amt>50750.00</Amt>
				<CdtDbtInd>CRDT</CdtDbtInd>
				<Dt>
					<Dt>130815</Dt>
				</Dt>
			</Bal>
			<Bal>
				<Tp>
					<CdOrPrtry>
						<Cd>CLAV</Cd>
					</CdOrPrtry>
				</Tp>
				<Amt>50750.00</Amt>
				<CdtDbtInd>CRDT</CdtDbtInd>
				<Dt>
					<Dt>130815</Dt>
				</Dt>
			</Bal>
			<Bal>
				<Tp>
					<CdOrPrtry>
						<Cd>FWAV</Cd>
					</CdOrPrtry>
				</Tp>
				<Amt>50750.00</Amt>
				<CdtDbtInd>CRDT</CdtDbtInd>
				<Dt>
					<Dt>140815</Dt>
				</Dt>
			</Bal>
			<Bal>
				<Tp>
					<CdOrPrtry>
						<Cd>FWAV</Cd>
					</CdOrPrtry>
				</Tp>
				<Amt>50750.00</Amt>
				<CdtDbtInd>CRDT</CdtDbtInd>
				<Dt>
					<Dt>140815</Dt>
				</Dt>
			</Bal>
			<Bal>
				<Tp>
					<CdOrPrtry>
						<Cd>FWAV</Cd>
					</CdOrPrtry>
				</Tp>
				<Amt>50750.00</Amt>
				<CdtDbtInd>CRDT</CdtDbtInd>
				<Dt>
					<Dt>140815</Dt>
				</Dt>
			</Bal>
			<Bal>
				<Tp>
					<CdOrPrtry>
						<Cd>FWAV</Cd>
					</CdOrPrtry>
				</Tp>
				<Amt>50750.00</Amt>
				<CdtDbtInd>CRDT</CdtDbtInd>
				<Dt>
					<Dt>140815</Dt>
				</Dt>
			</Bal>
			<Bal>
				<Tp>
					<CdOrPrtry>
						<Cd>FWAV</Cd>
					</CdOrPrtry>
				</Tp>
				<Amt>50750.00</Amt>
				<CdtDbtInd>CRDT</CdtDbtInd>
				<Dt>
					<Dt>140815</Dt>
				</Dt>
			</Bal>
			<Ntry>
				<NtryRef>012</NtryRef>
				<Amt>12300881100815</Amt>
				<BookgDt>
					<Dt>100815</Dt>
				</BookgDt>
				<ValDt>
					<Dt>300881</Dt>
				</ValDt>
				<AcctSvcrRef>300881100815n012</AcctSvcrRef>
				<BkTxCd>
					<Prtry>
						<Cd>n012</Cd>
					</Prtry>
				</BkTxCd>
			</Ntry>
			<Ntry>
				<NtryRef>012</NtryRef>
				<Amt>12300881100815</Amt>
				<BookgDt>
					<Dt>100815</Dt>
				</BookgDt>
				<ValDt>
					<Dt>300881</Dt>
				</ValDt>
				<AcctSvcrRef>300881100815n012</AcctSvcrRef>
				<BkTxCd>
					<Prtry>
						<Cd>n012</Cd>
					</Prtry>
				</BkTxCd>
			</Ntry>
			<Ntry>
				<NtryRef>012</NtryRef>
				<Amt>12300881100815</Amt>
				<BookgDt>
					<Dt>100815</Dt>
				</BookgDt>
				<ValDt>
					<Dt>300881</Dt>
				</ValDt>
				<AcctSvcrRef>300881100815n012</AcctSvcrRef>
				<BkTxCd>
					<Prtry>
						<Cd>n012</Cd>
					</Prtry>
				</BkTxCd>
			</Ntry>
		</Stmt>
	</CBIDlyStmtReqLogMsg>
	<CBIDlyStmtReqLogMsg xmlns="urn:CBI:xsd:CBIDlyStmtReqLogMsg.00.01.02">
		<GrpHdr>
			<MsgId>NameNameNameNameName</MsgId>
			<CreDtTm>300881</CreDtTm>
			<MsgRcpt>
				<Id>
					<OrgId>
						<Othr>
							<Id>90123</Id>
						</Othr>
					</OrgId>
				</Id>
			</MsgRcpt>
			<AddtlInf>14270</AddtlInf>
		</GrpHdr>
		<Stmt>
			<ElctrncSeqNb>1</ElctrncSeqNb>
			<Acct>
				<Id>
					<IBAN>IT01C8427005036010101010101</IBAN>
				</Id>
				<Tp>
					<Prtry>TY</Prtry>
				</Tp>
				<Ccy>EUR</Ccy>
				<Nm>descriptiondescr</Nm>
				<Svcr>
					<FinInstnId>
						<ClrSysMmbId>
							<MmbId>84270</MmbId>
						</ClrSysMmbId>
					</FinInstnId>
				</Svcr>
			</Acct>
			<Bal>
				<Tp>
					<CdOrPrtry>
						<Cd>OPBD</Cd>
					</CdOrPrtry>
				</Tp>
				<Amt>123412341234567</Amt>
				<CdtDbtInd>CRDT</CdtDbtInd>
				<Dt>
					<Dt>300715</Dt>
				</Dt>
			</Bal>
			<Bal>
				<Tp>
					<CdOrPrtry>
						<Cd>CLAV</Cd>
					</CdOrPrtry>
				</Tp>
				<Amt>50750.00</Amt>
				<CdtDbtInd>CRDT</CdtDbtInd>
				<Dt>
					<Dt>130815</Dt>
				</Dt>
			</Bal>
			<Bal>
				<Tp>
					<CdOrPrtry>
						<Cd>CLAV</Cd>
					</CdOrPrtry>
				</Tp>
				<Amt>50750.00</Amt>
				<CdtDbtInd>CRDT</CdtDbtInd>
				<Dt>
					<Dt>130815</Dt>
				</Dt>
			</Bal>
			<Bal>
				<Tp>
					<CdOrPrtry>
						<Cd>FWAV</Cd>
					</CdOrPrtry>
				</Tp>
				<Amt>50750.00</Amt>
				<CdtDbtInd>CRDT</CdtDbtInd>
				<Dt>
					<Dt>140815</Dt>
				</Dt>
			</Bal>
			<Bal>
				<Tp>
					<CdOrPrtry>
						<Cd>FWAV</Cd>
					</CdOrPrtry>
				</Tp>
				<Amt>50750.00</Amt>
				<CdtDbtInd>CRDT</CdtDbtInd>
				<Dt>
					<Dt>140815</Dt>
				</Dt>
			</Bal>
			<Bal>
				<Tp>
					<CdOrPrtry>
						<Cd>FWAV</Cd>
					</CdOrPrtry>
				</Tp>
				<Amt>50750.00</Amt>
				<CdtDbtInd>CRDT</CdtDbtInd>
				<Dt>
					<Dt>140815</Dt>
				</Dt>
			</Bal>
			<Bal>
				<Tp>
					<CdOrPrtry>
						<Cd>FWAV</Cd>
					</CdOrPrtry>
				</Tp>
				<Amt>50750.00</Amt>
				<CdtDbtInd>CRDT</CdtDbtInd>
				<Dt>
					<Dt>140815</Dt>
				</Dt>
			</Bal>
			<Bal>
				<Tp>
					<CdOrPrtry>
						<Cd>FWAV</Cd>
					</CdOrPrtry>
				</Tp>
				<Amt>50750.00</Amt>
				<CdtDbtInd>CRDT</CdtDbtInd>
				<Dt>
					<Dt>140815</Dt>
				</Dt>
			</Bal>
			<Ntry>
				<NtryRef>012</NtryRef>
				<Amt>12300881100815</Amt>
				<BookgDt>
					<Dt>100815</Dt>
				</BookgDt>
				<ValDt>
					<Dt>300881</Dt>
				</ValDt>
				<AcctSvcrRef>300881100815n012</AcctSvcrRef>
				<BkTxCd>
					<Prtry>
						<Cd>n012</Cd>
					</Prtry>
				</BkTxCd>
			</Ntry>
			<Ntry>
				<NtryRef>012</NtryRef>
				<Amt>12300881100815</Amt>
				<BookgDt>
					<Dt>100815</Dt>
				</BookgDt>
				<ValDt>
					<Dt>300881</Dt>
				</ValDt>
				<AcctSvcrRef>300881100815n012</AcctSvcrRef>
				<BkTxCd>
					<Prtry>
						<Cd>n012</Cd>
					</Prtry>
				</BkTxCd>
			</Ntry>
			<Ntry>
				<NtryRef>012</NtryRef>
				<Amt>12300881100815</Amt>
				<BookgDt>
					<Dt>100815</Dt>
				</BookgDt>
				<ValDt>
					<Dt>300881</Dt>
				</ValDt>
				<AcctSvcrRef>300881100815n012</AcctSvcrRef>
				<BkTxCd>
					<Prtry>
						<Cd>n012</Cd>
					</Prtry>
				</BkTxCd>
			</Ntry>
		</Stmt>
	</CBIDlyStmtReqLogMsg>
	<CBIDlyStmtReqLogMsg xmlns="urn:CBI:xsd:CBIDlyStmtReqLogMsg.00.01.02">
		<GrpHdr>
			<MsgId>NameNameNameNameName</MsgId>
			<CreDtTm>300881</CreDtTm>
			<MsgRcpt>
				<Id>
					<OrgId>
						<Othr>
							<Id>90123</Id>
						</Othr>
					</OrgId>
				</Id>
			</MsgRcpt>
			<AddtlInf>24270</AddtlInf>
		</GrpHdr>
		<Stmt>
			<ElctrncSeqNb>1</ElctrncSeqNb>
			<Acct>
				<Id>
					<IBAN>IT01C8427005036010101010101</IBAN>
				</Id>
				<Tp>
					<Prtry>TY</Prtry>
				</Tp>
				<Ccy>EUR</Ccy>
				<Nm>descriptiondescr</Nm>
				<Svcr>
					<FinInstnId>
						<ClrSysMmbId>
							<MmbId>84270</MmbId>
						</ClrSysMmbId>
					</FinInstnId>
				</Svcr>
			</Acct>
			<Bal>
				<Tp>
					<CdOrPrtry>
						<Cd>OPBD</Cd>
					</CdOrPrtry>
				</Tp>
				<Amt>123412341234567</Amt>
				<CdtDbtInd>CRDT</CdtDbtInd>
				<Dt>
					<Dt>300715</Dt>
				</Dt>
			</Bal>
			<Bal>
				<Tp>
					<CdOrPrtry>
						<Cd>CLAV</Cd>
					</CdOrPrtry>
				</Tp>
				<Amt>50750.00</Amt>
				<CdtDbtInd>CRDT</CdtDbtInd>
				<Dt>
					<Dt>130815</Dt>
				</Dt>
			</Bal>
			<Bal>
				<Tp>
					<CdOrPrtry>
						<Cd>CLAV</Cd>
					</CdOrPrtry>
				</Tp>
				<Amt>50750.00</Amt>
				<CdtDbtInd>CRDT</CdtDbtInd>
				<Dt>
					<Dt>130815</Dt>
				</Dt>
			</Bal>
			<Bal>
				<Tp>
					<CdOrPrtry>
						<Cd>FWAV</Cd>
					</CdOrPrtry>
				</Tp>
				<Amt>50750.00</Amt>
				<CdtDbtInd>CRDT</CdtDbtInd>
				<Dt>
					<Dt>140815</Dt>
				</Dt>
			</Bal>
			<Bal>
				<Tp>
					<CdOrPrtry>
						<Cd>FWAV</Cd>
					</CdOrPrtry>
				</Tp>
				<Amt>50750.00</Amt>
				<CdtDbtInd>CRDT</CdtDbtInd>
				<Dt>
					<Dt>140815</Dt>
				</Dt>
			</Bal>
			<Bal>
				<Tp>
					<CdOrPrtry>
						<Cd>FWAV</Cd>
					</CdOrPrtry>
				</Tp>
				<Amt>50750.00</Amt>
				<CdtDbtInd>CRDT</CdtDbtInd>
				<Dt>
					<Dt>140815</Dt>
				</Dt>
			</Bal>
			<Bal>
				<Tp>
					<CdOrPrtry>
						<Cd>FWAV</Cd>
					</CdOrPrtry>
				</Tp>
				<Amt>50750.00</Amt>
				<CdtDbtInd>CRDT</CdtDbtInd>
				<Dt>
					<Dt>140815</Dt>
				</Dt>
			</Bal>
			<Bal>
				<Tp>
					<CdOrPrtry>
						<Cd>FWAV</Cd>
					</CdOrPrtry>
				</Tp>
				<Amt>50750.00</Amt>
				<CdtDbtInd>CRDT</CdtDbtInd>
				<Dt>
					<Dt>140815</Dt>
				</Dt>
			</Bal>
			<Ntry>
				<NtryRef>012</NtryRef>
				<Amt>12300881100815</Amt>
				<BookgDt>
					<Dt>100815</Dt>
				</BookgDt>
				<ValDt>
					<Dt>300881</Dt>
				</ValDt>
				<AcctSvcrRef>300881100815n012</AcctSvcrRef>
				<BkTxCd>
					<Prtry>
						<Cd>n012</Cd>
					</Prtry>
				</BkTxCd>
			</Ntry>
			<Ntry>
				<NtryRef>012</NtryRef>
				<Amt>12300881100815</Amt>
				<BookgDt>
					<Dt>100815</Dt>
				</BookgDt>
				<ValDt>
					<Dt>300881</Dt>
				</ValDt>
				<AcctSvcrRef>300881100815n012</AcctSvcrRef>
				<BkTxCd>
					<Prtry>
						<Cd>n012</Cd>
					</Prtry>
				</BkTxCd>
			</Ntry>
			<Ntry>
				<NtryRef>012</NtryRef>
				<Amt>12300881100815</Amt>
				<BookgDt>
					<Dt>100815</Dt>
				</BookgDt>
				<ValDt>
					<Dt>300881</Dt>
				</ValDt>
				<AcctSvcrRef>300881100815n012</AcctSvcrRef>
				<BkTxCd>
					<Prtry>
						<Cd>n012</Cd>
					</Prtry>
				</BkTxCd>
			</Ntry>
		</Stmt>
	</CBIDlyStmtReqLogMsg>
	<CBIDlyStmtReqLogMsg xmlns="urn:CBI:xsd:CBIDlyStmtReqLogMsg.00.01.02">
		<GrpHdr>
			<MsgId>NameNameNameNameName</MsgId>
			<CreDtTm>300881</CreDtTm>
			<MsgRcpt>
				<Id>
					<OrgId>
						<Othr>
							<Id>90123</Id>
						</Othr>
					</OrgId>
				</Id>
			</MsgRcpt>
			<AddtlInf>14270</AddtlInf>
		</GrpHdr>
		<Stmt>
			<ElctrncSeqNb>1</ElctrncSeqNb>
			<CpyDplctInd>DUPL</CpyDplctInd>
			<Acct>
				<Id>
					<IBAN>IT01C8427005036010101010101</IBAN>
				</Id>
				<Tp>
					<Prtry>TY</Prtry>
				</Tp>
				<Ccy>EUR</Ccy>
				<Nm>descriptiondescr</Nm>
				<Svcr>
					<FinInstnId>
						<ClrSysMmbId>
							<MmbId>84270</MmbId>
						</ClrSysMmbId>
					</FinInstnId>
				</Svcr>
			</Acct>
			<Bal>
				<Tp>
					<CdOrPrtry>
						<Cd>OPBD</Cd>
					</CdOrPrtry>
				</Tp>
				<Amt>123412341234567</Amt>
				<CdtDbtInd>CRDT</CdtDbtInd>
				<Dt>
					<Dt>300715</Dt>
				</Dt>
			</Bal>
			<Bal>
				<Tp>
					<CdOrPrtry>
						<Cd>CLAV</Cd>
					</CdOrPrtry>
				</Tp>
				<Amt>50750.00</Amt>
				<CdtDbtInd>CRDT</CdtDbtInd>
				<Dt>
					<Dt>130815</Dt>
				</Dt>
			</Bal>
			<Bal>
				<Tp>
					<CdOrPrtry>
						<Cd>CLAV</Cd>
					</CdOrPrtry>
				</Tp>
				<Amt>50750.00</Amt>
				<CdtDbtInd>CRDT</CdtDbtInd>
				<Dt>
					<Dt>130815</Dt>
				</Dt>
			</Bal>
			<Bal>
				<Tp>
					<CdOrPrtry>
						<Cd>FWAV</Cd>
					</CdOrPrtry>
				</Tp>
				<Amt>50750.00</Amt>
				<CdtDbtInd>CRDT</CdtDbtInd>
				<Dt>
					<Dt>140815</Dt>
				</Dt>
			</Bal>
			<Bal>
				<Tp>
					<CdOrPrtry>
						<Cd>FWAV</Cd>
					</CdOrPrtry>
				</Tp>
				<Amt>50750.00</Amt>
				<CdtDbtInd>CRDT</CdtDbtInd>
				<Dt>
					<Dt>140815</Dt>
				</Dt>
			</Bal>
			<Bal>
				<Tp>
					<CdOrPrtry>
						<Cd>FWAV</Cd>
					</CdOrPrtry>
				</Tp>
				<Amt>50750.00</Amt>
				<CdtDbtInd>CRDT</CdtDbtInd>
				<Dt>
					<Dt>140815</Dt>
				</Dt>
			</Bal>
			<Bal>
				<Tp>
					<CdOrPrtry>
						<Cd>FWAV</Cd>
					</CdOrPrtry>
				</Tp>
				<Amt>50750.00</Amt>
				<CdtDbtInd>CRDT</CdtDbtInd>
				<Dt>
					<Dt>140815</Dt>
				</Dt>
			</Bal>
			<Bal>
				<Tp>
					<CdOrPrtry>
						<Cd>FWAV</Cd>
					</CdOrPrtry>
				</Tp>
				<Amt>50750.00</Amt>
				<CdtDbtInd>CRDT</CdtDbtInd>
				<Dt>
					<Dt>140815</Dt>
				</Dt>
			</Bal>
			<Ntry>
				<NtryRef>012</NtryRef>
				<Amt>12300881100815</Amt>
				<BookgDt>
					<Dt>100815</Dt>
				</BookgDt>
				<ValDt>
					<Dt>300881</Dt>
				</ValDt>
				<AcctSvcrRef>300881100815n012</AcctSvcrRef>
				<BkTxCd>
					<Prtry>
						<Cd>n012</Cd>
					</Prtry>
				</BkTxCd>
			</Ntry>
			<Ntry>
				<NtryRef>012</NtryRef>
				<Amt>12300881100815</Amt>
				<BookgDt>
					<Dt>100815</Dt>
				</BookgDt>
				<ValDt>
					<Dt>300881</Dt>
				</ValDt>
				<AcctSvcrRef>300881100815n012</AcctSvcrRef>
				<BkTxCd>
					<Prtry>
						<Cd>n012</Cd>
					</Prtry>
				</BkTxCd>
			</Ntry>
			<Ntry>
				<NtryRef>012</NtryRef>
				<Amt>12300881100815</Amt>
				<BookgDt>
					<Dt>100815</Dt>
				</BookgDt>
				<ValDt>
					<Dt>300881</Dt>
				</ValDt>
				<AcctSvcrRef>300881100815n012</AcctSvcrRef>
				<BkTxCd>
					<Prtry>
						<Cd>n012</Cd>
					</Prtry>
				</BkTxCd>
			</Ntry>
		</Stmt>
	</CBIDlyStmtReqLogMsg>
	<CBIDlyStmtReqLogMsg xmlns="urn:CBI:xsd:CBIDlyStmtReqLogMsg.00.01.02">
		<GrpHdr>
			<MsgId>NameNameNameNameName</MsgId>
			<CreDtTm>300881</CreDtTm>
			<MsgRcpt>
				<Id>
					<OrgId>
						<Othr>
							<Id>90123</Id>
						</Othr>
					</OrgId>
				</Id>
			</MsgRcpt>
			<AddtlInf>24270</AddtlInf>
		</GrpHdr>
		<Stmt>
			<ElctrncSeqNb>1</ElctrncSeqNb>
			<Acct>
				<Id>
					<IBAN>IT01C8427005036010101010101</IBAN>
				</Id>
				<Tp>
					<Prtry>TY</Prtry>
				</Tp>
				<Ccy>EUR</Ccy>
				<Nm>descriptiondescr</Nm>
				<Svcr>
					<FinInstnId>
						<ClrSysMmbId>
							<MmbId>84270</MmbId>
						</ClrSysMmbId>
					</FinInstnId>
				</Svcr>
			</Acct>
			<Bal>
				<Tp>
					<CdOrPrtry>
						<Cd>OPBD</Cd>
					</CdOrPrtry>
				</Tp>
				<Amt>123412341234567</Amt>
				<CdtDbtInd>CRDT</CdtDbtInd>
				<Dt>
					<Dt>300715</Dt>
				</Dt>
			</Bal>
			<Bal>
				<Tp>
					<CdOrPrtry>
						<Cd>CLAV</Cd>
					</CdOrPrtry>
				</Tp>
				<Amt>50750.00</Amt>
				<CdtDbtInd>CRDT</CdtDbtInd>
				<Dt>
					<Dt>130815</Dt>
				</Dt>
			</Bal>
			<Bal>
				<Tp>
					<CdOrPrtry>
						<Cd>CLAV</Cd>
					</CdOrPrtry>
				</Tp>
				<Amt>50750.00</Amt>
				<CdtDbtInd>CRDT</CdtDbtInd>
				<Dt>
					<Dt>130815</Dt>
				</Dt>
			</Bal>
			<Bal>
				<Tp>
					<CdOrPrtry>
						<Cd>FWAV</Cd>
					</CdOrPrtry>
				</Tp>
				<Amt>50750.00</Amt>
				<CdtDbtInd>CRDT</CdtDbtInd>
				<Dt>
					<Dt>140815</Dt>
				</Dt>
			</Bal>
			<Bal>
				<Tp>
					<CdOrPrtry>
						<Cd>FWAV</Cd>
					</CdOrPrtry>
				</Tp>
				<Amt>50750.00</Amt>
				<CdtDbtInd>CRDT</CdtDbtInd>
				<Dt>
					<Dt>140815</Dt>
				</Dt>
			</Bal>
			<Bal>
				<Tp>
					<CdOrPrtry>
						<Cd>FWAV</Cd>
					</CdOrPrtry>
				</Tp>
				<Amt>50750.00</Amt>
				<CdtDbtInd>CRDT</CdtDbtInd>
				<Dt>
					<Dt>140815</Dt>
				</Dt>
			</Bal>
			<Bal>
				<Tp>
					<CdOrPrtry>
						<Cd>FWAV</Cd>
					</CdOrPrtry>
				</Tp>
				<Amt>50750.00</Amt>
				<CdtDbtInd>CRDT</CdtDbtInd>
				<Dt>
					<Dt>140815</Dt>
				</Dt>
			</Bal>
			<Bal>
				<Tp>
					<CdOrPrtry>
						<Cd>FWAV</Cd>
					</CdOrPrtry>
				</Tp>
				<Amt>50750.00</Amt>
				<CdtDbtInd>CRDT</CdtDbtInd>
				<Dt>
					<Dt>140815</Dt>
				</Dt>
			</Bal>
			<Ntry>
				<NtryRef>012</NtryRef>
				<Amt>12300881100815</Amt>
				<BookgDt>
					<Dt>100815</Dt>
				</BookgDt>
				<ValDt>
					<Dt>300881</Dt>
				</ValDt>
				<AcctSvcrRef>300881100815n012</AcctSvcrRef>
				<BkTxCd>
					<Prtry>
						<Cd>n012</Cd>
					</Prtry>
				</BkTxCd>
			</Ntry>
			<Ntry>
				<NtryRef>012</NtryRef>
				<Amt>12300881100815</Amt>
				<BookgDt>
					<Dt>100815</Dt>
				</BookgDt>
				<ValDt>
					<Dt>300881</Dt>
				</ValDt>
				<AcctSvcrRef>300881100815n012</AcctSvcrRef>
				<BkTxCd>
					<Prtry>
						<Cd>n012</Cd>
					</Prtry>
				</BkTxCd>
			</Ntry>
			<Ntry>
				<NtryRef>012</NtryRef>
				<Amt>12300881100815</Amt>
				<BookgDt>
					<Dt>100815</Dt>
				</BookgDt>
				<ValDt>
					<Dt>300881</Dt>
				</ValDt>
				<AcctSvcrRef>300881100815n012</AcctSvcrRef>
				<BkTxCd>
					<Prtry>
						<Cd>n012</Cd>
					</Prtry>
				</BkTxCd>
			</Ntry>
		</Stmt>
	</CBIDlyStmtReqLogMsg>
</CBIBkToCstmrStmtReqLogMsg>